<?xml version="1.0" encoding="UTF-8"?>
<!DOCTYPE html PUBLIC "-//W3C//DTD XHTML 1.0 Transitional//EN"
    "http://www.w3.org/TR/xhtml1/DTD/xhtml1-transitional.dtd">
<html xmlns="http://www.w3.org/1999/xhtml" xml:lang="en" lang="en">
 <head>
  <title>
</title>
<meta http-equiv="Content-Type" content="text/html;charset=utf-8" />
  <meta name='ocr-system' content='tesseract 3.04.00' />
  <meta name='ocr-capabilities' content='ocr_page ocr_carea ocr_par ocr_line ocrx_word'/>
</head>
<body>
  <div class='ocr_page' id='page_1' title='image "4738111_0013.png"; bbox 0 0 2065 3174; ppageno 0'>
   <div class='ocr_carea' id='block_1_1' title="bbox 1818 63 1846 105">
    <p class='ocr_par' dir='ltr' id='par_1_1' title="bbox 1818 63 1846 105">
     <span class='ocr_line' id='line_1_1' title="bbox 1818 63 1846 105; baseline 0 0"><span class='ocrx_word' id='word_1_1' title='bbox 1818 63 1846 105; x_wconf 83' lang='lat'><strong>3</strong></span> 
     </span>
    </p>
   </div>
   <div class='ocr_carea' id='block_1_2' title="bbox 198 176 1848 403">
    <p class='ocr_par' dir='ltr' id='par_1_2' title="bbox 198 176 1844 403">
     <span class='ocr_line' id='line_1_2' title="bbox 198 176 1844 254; baseline -0.005 -11"><span class='ocrx_word' id='word_1_2' title='bbox 198 208 200 210; x_wconf 85' lang='lat'>·</span> <span class='ocrx_word' id='word_1_3' title='bbox 227 191 327 244; x_wconf 84' lang='lat' dir='ltr'><strong>&#39;nisi</strong></span> <span class='ocrx_word' id='word_1_4' title='bbox 363 194 532 240; x_wconf 76' lang='lat' dir='ltr'><strong>rostra</strong></span> <span class='ocrx_word' id='word_1_5' title='bbox 557 187 924 254; x_wconf 85' lang='lat' dir='ltr'><strong>significentur,</strong></span> <span class='ocrx_word' id='word_1_6' title='bbox 950 186 1114 236; x_wconf 82' lang='lat' dir='ltr'><strong>veluti</strong></span> <span class='ocrx_word' id='word_1_7' title='bbox 1151 188 1205 237; x_wconf 88' lang='lat' dir='ltr'><strong>in</strong></span> <span class='ocrx_word' id='word_1_8' title='bbox 1235 186 1344 235; x_wconf 90' lang='lat' dir='ltr'><strong>noti</strong></span> <span class='ocrx_word' id='word_1_9' title='bbox 1370 176 1506 235; x_wconf 72' lang='lat' dir='ltr'><strong>’“imo</strong></span> <span class='ocrx_word' id='word_1_10' title='bbox 1531 201 1688 235; x_wconf 84' lang='lat' dir='ltr'><strong>versu</strong></span> <span class='ocrx_word' id='word_1_11' title='bbox 1716 185 1844 237; x_wconf 91' lang='lat' dir='ltr'><strong>Ver-</strong></span> 
     </span>
     <span class='ocr_line' id='line_1_3' title="bbox 226 202 1837 344; baseline -0.004 -28.993"><span class='ocrx_word' id='word_1_12' title='bbox 226 265 322 333; x_wconf 82' lang='lat' dir='ltr'><strong>gili</strong></span> <span class='ocrx_word' id='word_1_13' title='bbox 357 263 489 313; x_wconf 82' lang='lat' dir='ltr'><strong>Aen.</strong></span> <span class='ocrx_word' id='word_1_14' title='bbox 515 261 559 325; x_wconf 83' lang='lat'><strong>1,</strong></span> <span class='ocrx_word' id='word_1_15' title='bbox 587 264 684 311; x_wconf 82' lang='lat'><strong>35:</strong></span> <span class='ocrx_word' id='word_1_16' title='bbox 729 259 982 344; x_wconf 79' lang='lat' dir='ltr'><strong>„Spumas</strong></span> <span class='ocrx_word' id='word_1_17' title='bbox 1020 260 1141 309; x_wconf 83' lang='lat' dir='ltr'><strong>salis</strong></span> <span class='ocrx_word' id='word_1_18' title='bbox 1175 276 1310 309; x_wconf 87' lang='lat' dir='ltr'><strong>aere</strong></span> <span class='ocrx_word' id='word_1_19' title='bbox 1324 202 1606 309; x_wconf 49' lang='lat' dir='ltr'><strong>,fidebantss</strong></span> <span class='ocrx_word' id='word_1_20' title='bbox 1667 259 1837 324; x_wconf 88' lang='lat' dir='ltr'><strong>„Ora“</strong></span> 
     </span>
     <span class='ocr_line' id='line_1_4' title="bbox 231 333 1848 403; baseline -0.004 -13"><span class='ocrx_word' id='word_1_21' title='bbox 231 345 404 390; x_wconf 88' lang='lat' dir='ltr'><strong>autem</strong></span> <span class='ocrx_word' id='word_1_22' title='bbox 444 334 707 403; x_wconf 76' lang='lat' dir='ltr'><strong>aPtissime</strong></span> <span class='ocrx_word' id='word_1_23' title='bbox 736 333 975 401; x_wconf 82' lang='lat' dir='ltr'><strong>positum</strong></span> <span class='ocrx_word' id='word_1_24' title='bbox 1016 342 1092 383; x_wconf 88' lang='lat' dir='ltr'><strong>est</strong></span> <span class='ocrx_word' id='word_1_25' title='bbox 1128 351 1225 402; x_wconf 89' lang='lat' dir='ltr'><strong>pro</strong></span> <span class='ocrx_word' id='word_1_26' title='bbox 1271 335 1534 401; x_wconf 84' lang='lat' dir='ltr'><strong>„prorae‚“</strong></span> <span class='ocrx_word' id='word_1_27' title='bbox 1591 334 1721 400; x_wconf 88' lang='lat' dir='ltr'><strong>quia</strong></span> <span class='ocrx_word' id='word_1_28' title='bbox 1758 351 1848 384; x_wconf 90' lang='lat' dir='ltr'><strong>na-</strong></span> 
     </span>
    </p>
   </div>
   <div class='ocr_carea' id='block_1_3' title="bbox 148 403 1847 476">
    <p class='ocr_par' dir='ltr' id='par_1_3' title="bbox 148 403 1847 476">
     <span class='ocr_line' id='line_1_5' title="bbox 148 403 1847 476; baseline -0.003 -13"><span class='ocrx_word' id='word_1_29' title='bbox 148 438 149 441; x_wconf 40' lang='lat'><em>*</em></span> <span class='ocrx_word' id='word_1_30' title='bbox 229 427 343 476; x_wconf 78' lang='lat' dir='ltr'><strong>ves,</strong></span> <span class='ocrx_word' id='word_1_31' title='bbox 372 420 492 460; x_wconf 86' lang='lat' dir='ltr'><strong>cum</strong></span> <span class='ocrx_word' id='word_1_32' title='bbox 529 407 789 476; x_wconf 86' lang='lat' dir='ltr'><strong>proelium</strong></span> <span class='ocrx_word' id='word_1_33' title='bbox 826 403 1183 470; x_wconf 80' lang='lat' dir='ltr'><strong>committitur,</strong></span> <span class='ocrx_word' id='word_1_34' title='bbox 1235 406 1420 457; x_wconf 90' lang='lat' dir='ltr'><strong>eodem</strong></span> <span class='ocrx_word' id='word_1_35' title='bbox 1469 406 1625 456; x_wconf 80' lang='lat' dir='ltr'><strong>m&#39;odo</strong></span> <span class='ocrx_word' id='word_1_36' title='bbox 1673 408 1847 475; x_wconf 88' lang='lat' dir='ltr'><strong>proris</strong></span> 
     </span>
    </p>
   </div>
   <div class='ocr_carea' id='block_1_4' title="bbox 231 473 1854 843">
    <p class='ocr_par' dir='ltr' id='par_1_4' title="bbox 231 473 1854 843">
     <span class='ocr_line' id='line_1_6' title="bbox 233 473 1848 559; baseline -0.004 -22"><span class='ocrx_word' id='word_1_37' title='bbox 233 483 499 559; x_wconf 84' lang='lat' dir='ltr'><strong>oppositis</strong></span> <span class='ocrx_word' id='word_1_38' title='bbox 524 479 858 543; x_wconf 88' lang='lat' dir='ltr'><strong>contendunt,</strong></span> <span class='ocrx_word' id='word_1_39' title='bbox 885 494 991 547; x_wconf 88' lang='lat' dir='ltr'><strong>quo</strong></span> <span class='ocrx_word' id='word_1_40' title='bbox 1031 473 1266 531; x_wconf 85' lang='lat' dir='ltr'><strong>homines</strong></span> <span class='ocrx_word' id='word_1_41' title='bbox 1305 480 1600 531; x_wconf 79' lang='lat' dir='ltr'><strong>dimicaturi</strong></span> <span class='ocrx_word' id='word_1_42' title='bbox 1634 497 1848 548; x_wconf 86' lang='lat' dir='ltr'><strong>congre-</strong></span> 
     </span>
     <span class='ocr_line' id='line_1_7' title="bbox 231 553 1849 620; baseline -0.003 -11"><span class='ocrx_word' id='word_1_43' title='bbox 231 556 461 609; x_wconf 88' lang='lat' dir='ltr'><strong>diuntur.</strong></span> <span class='ocrx_word' id='word_1_44' title='bbox 500 554 667 618; x_wconf 87' lang='lat' dir='ltr'><strong>Adde,</strong></span> <span class='ocrx_word' id='word_1_45' title='bbox 707 553 850 620; x_wconf 89' lang='lat' dir='ltr'><strong>quod</strong></span> <span class='ocrx_word' id='word_1_46' title='bbox 887 554 1034 604; x_wconf 83' lang='lat' dir='ltr'><strong>navis</strong></span> <span class='ocrx_word' id='word_1_47' title='bbox 1072 562 1296 605; x_wconf 87' lang='lat' dir='ltr'><strong>rostrata</strong></span> <span class='ocrx_word' id='word_1_48' title='bbox 1334 553 1625 604; x_wconf 89' lang='lat' dir='ltr'><strong>simillima</strong></span> <span class='ocrx_word' id='word_1_49' title='bbox 1634 562 1711 604; x_wconf 91' lang='lat' dir='ltr'><strong>est</strong></span> <span class='ocrx_word' id='word_1_50' title='bbox 1749 554 1849 618; x_wconf 83' lang='lat' dir='ltr'><strong>avi,</strong></span> 
     </span>
     <span class='ocr_line' id='line_1_8' title="bbox 233 628 1852 701; baseline -0.002 -20"><span class='ocrx_word' id='word_1_51' title='bbox 233 647 370 699; x_wconf 91' lang='lat' dir='ltr'><strong>quae</strong></span> <span class='ocrx_word' id='word_1_52' title='bbox 418 637 588 679; x_wconf 87' lang='lat' dir='ltr'><strong>rostro</strong></span> <span class='ocrx_word' id='word_1_53' title='bbox 635 646 730 678; x_wconf 90' lang='lat' dir='ltr'><strong>suo</strong></span> <span class='ocrx_word' id='word_1_54' title='bbox 777 628 979 678; x_wconf 78' lang='lat' dir='ltr'><strong>hostem</strong></span> <span class='ocrx_word' id='word_1_55' title='bbox 1032 628 1349 701; x_wconf 82' lang='lat' dir='ltr'><strong>aggreditur.</strong></span> <span class='ocrx_word' id='word_1_56' title='bbox 1415 628 1565 689; x_wconf 80' lang='lat' dir='ltr'><strong>Quae</strong></span> <span class='ocrx_word' id='word_1_57' title='bbox 1613 645 1731 677; x_wconf 91' lang='lat' dir='ltr'><strong>cum</strong></span> <span class='ocrx_word' id='word_1_58' title='bbox 1778 629 1852 678; x_wconf 89' lang='lat' dir='ltr'><strong>ita</strong></span> 
     </span>
     <span class='ocr_line' id='line_1_9' title="bbox 233 701 1854 770; baseline -0.002 -15"><span class='ocrx_word' id='word_1_59' title='bbox 233 707 348 768; x_wconf 87' lang='lat' dir='ltr'><strong>sint,</strong></span> <span class='ocrx_word' id='word_1_60' title='bbox 388 703 519 770; x_wconf 74' lang='lat' dir='ltr'><strong>qui8‚</strong></span> <span class='ocrx_word' id='word_1_61' title='bbox 561 717 779 768; x_wconf 77' lang='lat' dir='ltr'><strong>quaese,</strong></span> <span class='ocrx_word' id='word_1_62' title='bbox 834 701 1127 768; x_wconf 82' lang='lat' dir='ltr'><strong>elegantem</strong></span> <span class='ocrx_word' id='word_1_63' title='bbox 1173 703 1307 753; x_wconf 90' lang='lat' dir='ltr'><strong>hanc</strong></span> <span class='ocrx_word' id='word_1_64' title='bbox 1352 702 1633 768; x_wconf 84' lang='lat' dir='ltr'><strong>imaginem</strong></span> <span class='ocrx_word' id='word_1_65' title='bbox 1673 702 1854 752; x_wconf 89' lang='lat' dir='ltr'><strong>reiciat</strong></span> 
     </span>
     <span class='ocr_line' id='line_1_10' title="bbox 234 774 1494 843; baseline 0.001 -19"><span class='ocrx_word' id='word_1_66' title='bbox 234 780 381 841; x_wconf 69' lang='grc' dir='ltr'>χρύσεα,</span> <span class='ocrx_word' id='word_1_67' title='bbox 412 784 469 826; x_wconf 89' lang='lat' dir='ltr'><strong>ut</strong></span> <span class='ocrx_word' id='word_1_68' title='bbox 505 775 787 843; x_wconf 83' lang='lat' dir='ltr'><strong>proverbio</strong></span> <span class='ocrx_word' id='word_1_69' title='bbox 826 783 966 838; x_wconf 88' lang='lat' dir='ltr'><strong>utar,·</strong></span> <span class='ocrx_word' id='word_1_70' title='bbox 995 780 1187 838; x_wconf 82' lang='grc' dir='ltr'>χαλκείων</span> <span class='ocrx_word' id='word_1_71' title='bbox 1216 774 1462 837; x_wconf 65' lang='grc' dir='ltr'>ἀμειψόμενος</span> <span class='ocrx_word' id='word_1_72' title='bbox 1475 790 1494 825; x_wconf 75' lang='lat'><strong>‘‹&gt;</strong></span> 
     </span>
    </p>
   </div>
   <div class='ocr_carea' id='block_1_5' title="bbox 231 920 1705 1041">
    <p class='ocr_par' dir='ltr' id='par_1_5' title="bbox 231 920 1705 1041">
     <span class='ocr_line' id='line_1_11' title="bbox 231 920 1705 991; baseline 0.002 -30"><span class='ocrx_word' id='word_1_73' title='bbox 231 959 233 961; x_wconf 87' lang='lat'>.</span> <span class='ocrx_word' id='word_1_74' title='bbox 299 922 401 965; x_wconf 92' lang='lat' dir='ltr'><strong>VII.</strong></span> <span class='ocrx_word' id='word_1_75' title='bbox 433 939 474 963; x_wconf 88' lang='lat' dir='ltr'><strong>v.</strong></span> <span class='ocrx_word' id='word_1_76' title='bbox 512 922 564 963; x_wconf 93' lang='grc'><strong>11</strong></span> <span class='ocrx_word' id='word_1_77' title='bbox 600 937 667 978; x_wconf 87' lang='lat' dir='ltr'><strong>sq.</strong></span> <span class='ocrx_word' id='word_1_78' title='bbox 698 920 858 978; x_wconf 86' lang='lat' dir='ltr'><strong>Neque</strong></span> <span class='ocrx_word' id='word_1_79' title='bbox 889 920 963 964; x_wconf 91' lang='lat' dir='ltr'><strong>hic</strong></span> <span class='ocrx_word' id='word_1_80' title='bbox 994 921 1125 991; x_wconf 43' lang='lat' dir='ltr'><strong>lup-is</strong></span> <span class='ocrx_word' id='word_1_81' title='bbox 1143 936 1237 963; x_wconf 87' lang='lat' dir='ltr'><strong>mos</strong></span> <span class='ocrx_word' id='word_1_82' title='bbox 1269 935 1353 963; x_wconf 92' lang='lat' dir='ltr'><strong>nec</strong></span> <span class='ocrx_word' id='word_1_83' title='bbox 1383 920 1467 962; x_wconf 83' lang='lat' dir='ltr'><strong>fuit</strong></span> <span class='ocrx_word' id='word_1_84' title='bbox 1499 921 1705 964; x_wconf 90' lang='lat' dir='ltr'><strong>leonibus</strong></span> 
     </span>
     <span class='ocr_line' id='line_1_12' title="bbox 753 980 1492 1041; baseline -0.001 -15"><span class='ocrx_word' id='word_1_85' title='bbox 753 980 960 1040; x_wconf 80' lang='lat' dir='ltr'><strong>Unquam</strong></span> <span class='ocrx_word' id='word_1_86' title='bbox 997 981 1079 1024; x_wconf 86' lang='lat' dir='ltr'><strong>nisi</strong></span> <span class='ocrx_word' id='word_1_87' title='bbox 1113 981 1158 1024; x_wconf 89' lang='lat' dir='ltr'><strong>in</strong></span> <span class='ocrx_word' id='word_1_88' title='bbox 1191 981 1341 1041; x_wconf 82' lang='lat' dir='ltr'><strong>dispar</strong></span> <span class='ocrx_word' id='word_1_89' title='bbox 1373 982 1492 1025; x_wconf 79' lang='lat' dir='ltr'><strong>feris.</strong></span> 
     </span>
    </p>
   </div>
   <div class='ocr_carea' id='block_1_6' title="bbox 239 1070 1856 1788">
    <p class='ocr_par' dir='ltr' id='par_1_6' title="bbox 239 1070 1856 1788">
     <span class='ocr_line' id='line_1_13' title="bbox 348 1070 1854 1137; baseline 0.001 -16"><span class='ocrx_word' id='word_1_90' title='bbox 348 1070 527 1130; x_wconf 21' lang='lat' dir='ltr'><strong>Siclin</strong></span> <span class='ocrx_word' id='word_1_91' title='bbox 565 1071 807 1121; x_wconf 87' lang='lat' dir='ltr'><strong>omnibus</strong></span> <span class='ocrx_word' id='word_1_92' title='bbox 846 1070 1150 1121; x_wconf 86' lang='lat' dir='ltr'><strong>melioribus</strong></span> <span class='ocrx_word' id='word_1_93' title='bbox 1191 1070 1459 1120; x_wconf 81' lang='lat' dir='ltr'><strong>codicibus</strong></span> <span class='ocrx_word' id='word_1_94' title='bbox 1497 1070 1704 1137; x_wconf 84' lang='lat' dir='ltr'><strong>legitur.</strong></span> <span class='ocrx_word' id='word_1_95' title='bbox 1749 1071 1854 1122; x_wconf 85' lang='lat' dir='ltr'><strong>Sed</strong></span> 
     </span>
     <span class='ocr_line' id='line_1_14' title="bbox 242 1144 1854 1212; baseline 0.001 -19"><span class='ocrx_word' id='word_1_96' title='bbox 242 1144 502 1194; x_wconf 89' lang='lat' dir='ltr'><strong>Bentleius</strong></span> <span class='ocrx_word' id='word_1_97' title='bbox 542 1144 783 1195; x_wconf 89' lang='lat' dir='ltr'><strong>codicum</strong></span> <span class='ocrx_word' id='word_1_98' title='bbox 822 1145 1131 1212; x_wconf 85' lang='lat' dir='ltr'><strong>scripturam</strong></span> <span class='ocrx_word' id='word_1_99' title='bbox 1169 1144 1348 1193; x_wconf 90' lang='lat' dir='ltr'><strong>reiecit</strong></span> <span class='ocrx_word' id='word_1_100' title='bbox 1385 1152 1436 1193; x_wconf 88' lang='lat' dir='ltr'><strong>et</strong></span> <span class='ocrx_word' id='word_1_101' title='bbox 1474 1161 1593 1193; x_wconf 89' lang='lat' dir='ltr'><strong>cum</strong></span> <span class='ocrx_word' id='word_1_102' title='bbox 1629 1144 1854 1194; x_wconf 86' lang='lat' dir='ltr'><strong>editione</strong></span> 
     </span>
     <span class='ocr_line' id='line_1_15' title="bbox 240 1215 1854 1286; baseline 0 -17"><span class='ocrx_word' id='word_1_103' title='bbox 240 1218 439 1269; x_wconf 88' lang='lat' dir='ltr'><strong>Veneta</strong></span> <span class='ocrx_word' id='word_1_104' title='bbox 477 1219 598 1268; x_wconf 90' lang='lat' dir='ltr'><strong>anni</strong></span> <span class='ocrx_word' id='word_1_105' title='bbox 630 1220 770 1269; x_wconf 84' lang='lat'>1490</span> <span class='ocrx_word' id='word_1_106' title='bbox 806 1215 1149 1285; x_wconf 86' lang='lat' dir='ltr'><strong>„Nunquam“</strong></span> <span class='ocrx_word' id='word_1_107' title='bbox 1184 1218 1381 1286; x_wconf 88' lang='lat' dir='ltr'><strong>recepit</strong></span> <span class='ocrx_word' id='word_1_108' title='bbox 1419 1226 1576 1285; x_wconf 89' lang='lat' dir='ltr'><strong>atque</strong></span> <span class='ocrx_word' id='word_1_109' title='bbox 1616 1235 1736 1268; x_wconf 90' lang='lat' dir='ltr'><strong>eum</strong></span> <span class='ocrx_word' id='word_1_110' title='bbox 1762 1237 1854 1269; x_wconf 84' lang='lat' dir='ltr'><strong>no·</strong></span> 
     </span>
     <span class='ocr_line' id='line_1_16' title="bbox 239 1292 1854 1360; baseline 0.001 -19"><span class='ocrx_word' id='word_1_111' title='bbox 239 1293 462 1341; x_wconf 88' lang='lat' dir='ltr'><strong>vissimis</strong></span> <span class='ocrx_word' id='word_1_112' title='bbox 503 1293 829 1360; x_wconf 84' lang='lat' dir='ltr'><strong>temporibus</strong></span> <span class='ocrx_word' id='word_1_113' title='bbox 869 1293 1031 1341; x_wconf 87' lang='lat' dir='ltr'><strong>secuti</strong></span> <span class='ocrx_word' id='word_1_114' title='bbox 1071 1292 1190 1341; x_wconf 86' lang='lat' dir='ltr'><strong>sunt</strong></span> <span class='ocrx_word' id='word_1_115' title='bbox 1227 1292 1505 1358; x_wconf 72' lang='lat' dir='ltr'><strong>Haupffius,</strong></span> <span class='ocrx_word' id='word_1_116' title='bbox 1545 1292 1854 1356; x_wconf 84' lang='lat' dir='ltr'><strong>Meinekius,</strong></span> 
     </span>
     <span class='ocr_line' id='line_1_17' title="bbox 242 1365 1856 1431; baseline 0.001 -14"><span class='ocrx_word' id='word_1_117' title='bbox 242 1365 513 1418; x_wconf 84' lang='lat' dir='ltr'><strong>Linkerus.</strong></span> <span class='ocrx_word' id='word_1_118' title='bbox 590 1365 889 1418; x_wconf 89' lang='lat' dir='ltr'><strong>Lectionem</strong></span> <span class='ocrx_word' id='word_1_119' title='bbox 942 1375 1114 1417; x_wconf 89' lang='lat' dir='ltr'><strong>autem</strong></span> <span class='ocrx_word' id='word_1_120' title='bbox 1164 1365 1309 1417; x_wconf 87' lang='lat' dir='ltr'><strong>illam</strong></span> <span class='ocrx_word' id='word_1_121' title='bbox 1354 1367 1427 1417; x_wconf 90' lang='lat' dir='ltr'><strong>ita</strong></span> <span class='ocrx_word' id='word_1_122' title='bbox 1470 1367 1747 1431; x_wconf 87' lang='lat' dir='ltr'><strong>constituit,</strong></span> <span class='ocrx_word' id='word_1_123' title='bbox 1798 1376 1856 1418; x_wconf 91' lang='lat' dir='ltr'><strong>ut</strong></span> 
     </span>
     <span class='ocr_line' id='line_1_18' title="bbox 241 1440 1854 1509; baseline 0.001 -19"><span class='ocrx_word' id='word_1_124' title='bbox 241 1448 357 1508; x_wconf 86' lang='lat' dir='ltr'><strong>post</strong></span> <span class='ocrx_word' id='word_1_125' title='bbox 401 1440 700 1505; x_wconf 85' lang='lat' dir='ltr'><strong>„leonibus“</strong></span> <span class='ocrx_word' id='word_1_126' title='bbox 747 1448 1001 1491; x_wconf 88' lang='lat' dir='ltr'><strong>commate</strong></span> <span class='ocrx_word' id='word_1_127' title='bbox 1039 1442 1376 1508; x_wconf 84' lang='lat' dir='ltr'><strong>interpungat</strong></span> <span class='ocrx_word' id='word_1_128' title='bbox 1413 1441 1509 1491; x_wconf 91' lang='lat' dir='ltr'><strong>hac</strong></span> <span class='ocrx_word' id='word_1_129' title='bbox 1547 1441 1854 1509; x_wconf 89' lang='lat' dir='ltr'><strong>interpreta-</strong></span> 
     </span>
     <span class='ocr_line' id='line_1_19' title="bbox 242 1515 1855 1582; baseline 0.001 -18"><span class='ocrx_word' id='word_1_130' title='bbox 242 1516 383 1565; x_wconf 87' lang='lat' dir='ltr'><strong>tione</strong></span> <span class='ocrx_word' id='word_1_131' title='bbox 421 1515 647 1565; x_wconf 89' lang='lat' dir='ltr'><strong>adiecta:</strong></span> <span class='ocrx_word' id='word_1_132' title='bbox 696 1516 805 1579; x_wconf 86' lang='lat' dir='ltr'><strong>„Ne</strong></span> <span class='ocrx_word' id='word_1_133' title='bbox 843 1516 980 1582; x_wconf 89' lang='lat' dir='ltr'><strong>lupis</strong></span> <span class='ocrx_word' id='word_1_134' title='bbox 1022 1515 1231 1581; x_wconf 90' lang='lat' dir='ltr'><strong>quidem</strong></span> <span class='ocrx_word' id='word_1_135' title='bbox 1273 1525 1324 1565; x_wconf 91' lang='lat' dir='ltr'><strong>et</strong></span> <span class='ocrx_word' id='word_1_136' title='bbox 1359 1515 1598 1565; x_wconf 87' lang='lat' dir='ltr'><strong>leonibus</strong></span> <span class='ocrx_word' id='word_1_137' title='bbox 1633 1516 1717 1565; x_wconf 91' lang='lat' dir='ltr'><strong>hic</strong></span> <span class='ocrx_word' id='word_1_138' title='bbox 1743 1534 1855 1565; x_wconf 89' lang='lat' dir='ltr'><strong>mos</strong></span> 
     </span>
     <span class='ocr_line' id='line_1_20' title="bbox 241 1589 1855 1655; baseline 0.001 -17"><span class='ocrx_word' id='word_1_139' title='bbox 241 1596 344 1651; x_wconf 85' lang='lat' dir='ltr'><strong>est‚·</strong></span> <span class='ocrx_word' id='word_1_140' title='bbox 391 1589 482 1655; x_wconf 90' lang='lat' dir='ltr'><strong>qui</strong></span> <span class='ocrx_word' id='word_1_141' title='bbox 521 1606 791 1655; x_wconf 90' lang='lat' dir='ltr'><strong>nunquam</strong></span> <span class='ocrx_word' id='word_1_142' title='bbox 830 1589 926 1638; x_wconf 89' lang='lat' dir='ltr'><strong>feri</strong></span> <span class='ocrx_word' id='word_1_143' title='bbox 967 1597 1017 1638; x_wconf 90' lang='lat' dir='ltr'><strong>et</strong></span> <span class='ocrx_word' id='word_1_144' title='bbox 1054 1590 1195 1638; x_wconf 86' lang='lat' dir='ltr'><strong>saevi</strong></span> <span class='ocrx_word' id='word_1_145' title='bbox 1234 1597 1377 1652; x_wconf 86' lang='lat' dir='ltr'><strong>sunt,</strong></span> <span class='ocrx_word' id='word_1_146' title='bbox 1432 1589 1532 1638; x_wconf 89' lang='lat' dir='ltr'><strong>nisi</strong></span> <span class='ocrx_word' id='word_1_147' title='bbox 1569 1590 1624 1638; x_wconf 91' lang='lat' dir='ltr'><strong>in</strong></span> <span class='ocrx_word' id='word_1_148' title='bbox 1663 1589 1855 1640; x_wconf 89' lang='lat' dir='ltr'><strong>animal</strong></span> 
     </span>
     <span class='ocr_line' id='line_1_21' title="bbox 241 1662 1855 1730; baseline 0.001 -19"><span class='ocrx_word' id='word_1_149' title='bbox 241 1662 430 1730; x_wconf 87' lang='lat' dir='ltr'><strong>dispar.</strong></span> <span class='ocrx_word' id='word_1_150' title='bbox 472 1662 650 1730; x_wconf 86' lang='lat' dir='ltr'><strong>Lupus</strong></span> <span class='ocrx_word' id='word_1_151' title='bbox 690 1663 828 1711; x_wconf 90' lang='lat' dir='ltr'><strong>enim</strong></span> <span class='ocrx_word' id='word_1_152' title='bbox 866 1663 920 1712; x_wconf 93' lang='lat' dir='ltr'><strong>in</strong></span> <span class='ocrx_word' id='word_1_153' title='bbox 958 1663 1144 1730; x_wconf 90' lang='lat' dir='ltr'><strong>lupum</strong></span> <span class='ocrx_word' id='word_1_154' title='bbox 1184 1671 1234 1711; x_wconf 90' lang='lat' dir='ltr'><strong>et</strong></span> <span class='ocrx_word' id='word_1_155' title='bbox 1270 1663 1354 1712; x_wconf 93' lang='lat' dir='ltr'><strong>leo</strong></span> <span class='ocrx_word' id='word_1_156' title='bbox 1394 1664 1447 1711; x_wconf 90' lang='lat' dir='ltr'><strong>in</strong></span> <span class='ocrx_word' id='word_1_157' title='bbox 1484 1663 1692 1712; x_wconf 90' lang='lat' dir='ltr'><strong>leonem</strong></span> <span class='ocrx_word' id='word_1_158' title='bbox 1720 1664 1855 1712; x_wconf 88' lang='lat' dir='ltr'><strong>mitis</strong></span> 
     </span>
     <span class='ocr_line' id='line_1_22' title="bbox 244 1736 749 1788; baseline 0 -2"><span class='ocrx_word' id='word_1_159' title='bbox 244 1744 326 1786; x_wconf 75' lang='lat' dir='ltr'><strong>est</strong></span> <span class='ocrx_word' id='word_1_160' title='bbox 359 1743 411 1788; x_wconf 90' lang='lat' dir='ltr'><strong>et</strong></span> <span class='ocrx_word' id='word_1_161' title='bbox 447 1736 749 1786; x_wconf 62' lang='lat' dir='ltr'><strong>innocuusst</strong></span> 
     </span>
    </p>
   </div>
   <div class='ocr_carea' id='block_1_7' title="bbox 237 1821 1860 3061">
    <p class='ocr_par' dir='ltr' id='par_1_7' title="bbox 237 1821 1860 3003">
     <span class='ocr_line' id='line_1_23' title="bbox 353 1821 1858 1891; baseline 0.001 -18"><span class='ocrx_word' id='word_1_162' title='bbox 353 1821 759 1873; x_wconf 86' lang='lat' dir='ltr'><strong>Concedendum</strong></span> <span class='ocrx_word' id='word_1_163' title='bbox 800 1823 1010 1889; x_wconf 89' lang='lat' dir='ltr'><strong>quidem</strong></span> <span class='ocrx_word' id='word_1_164' title='bbox 1050 1831 1126 1873; x_wconf 85' lang='lat' dir='ltr'><strong>est</strong></span> <span class='ocrx_word' id='word_1_165' title='bbox 1165 1822 1363 1873; x_wconf 89' lang='lat' dir='ltr'><strong>Orellio</strong></span> <span class='ocrx_word' id='word_1_166' title='bbox 1404 1824 1715 1891; x_wconf 90' lang='lat' dir='ltr'><strong>ceterisque,</strong></span> <span class='ocrx_word' id='word_1_167' title='bbox 1766 1824 1858 1891; x_wconf 92' lang='lat' dir='ltr'><strong>qui</strong></span> 
     </span>
     <span class='ocr_line' id='line_1_24' title="bbox 242 1896 1855 1963; baseline 0.001 -19"><span class='ocrx_word' id='word_1_168' title='bbox 242 1896 506 1962; x_wconf 85' lang='lat' dir='ltr'><strong>vulgatam</strong></span> <span class='ocrx_word' id='word_1_169' title='bbox 544 1896 757 1950; x_wconf 83' lang='lat' dir='ltr'><strong>tuentur</strong></span> <span class='ocrx_word' id='word_1_170' title='bbox 805 1897 1095 1959; x_wconf 85' lang='lat' dir='ltr'><strong>lectionem,</strong></span> <span class='ocrx_word' id='word_1_171' title='bbox 1147 1913 1263 1946; x_wconf 87' lang='lat' dir='ltr'><strong>eam</strong></span> <span class='ocrx_word' id='word_1_172' title='bbox 1303 1897 1533 1963; x_wconf 88' lang='lat' dir='ltr'><strong>quodam</strong></span> <span class='ocrx_word' id='word_1_173' title='bbox 1573 1897 1727 1947; x_wconf 91' lang='lat' dir='ltr'><strong>modo</strong></span> <span class='ocrx_word' id='word_1_174' title='bbox 1768 1914 1855 1946; x_wconf 86' lang='lat' dir='ltr'><strong>ex-</strong></span> 
     </span>
     <span class='ocr_line' id='line_1_25' title="bbox 241 1964 1856 2039; baseline 0 -20"><span class='ocrx_word' id='word_1_175' title='bbox 241 1969 426 2036; x_wconf 89' lang='lat' dir='ltr'><strong>plicari</strong></span> <span class='ocrx_word' id='word_1_176' title='bbox 475 1987 653 2039; x_wconf 86' lang='lat' dir='ltr'><strong>posse,</strong></span> <span class='ocrx_word' id='word_1_177' title='bbox 706 1970 798 2020; x_wconf 87' lang='lat' dir='ltr'><strong>sed</strong></span> <span class='ocrx_word' id='word_1_178' title='bbox 847 1964 1075 2036; x_wconf 77' lang='lat' dir='ltr'><strong>Orellius</strong></span> <span class='ocrx_word' id='word_1_179' title='bbox 1129 1971 1283 2020; x_wconf 84' lang='lat' dir='ltr'><strong>etiam</strong></span> <span class='ocrx_word' id='word_1_180' title='bbox 1324 1988 1518 2037; x_wconf 85' lang='lat' dir='ltr'><strong>negare</strong></span> <span class='ocrx_word' id='word_1_181' title='bbox 1556 1989 1713 2021; x_wconf 87' lang='lat' dir='ltr'><strong>ausus</strong></span> <span class='ocrx_word' id='word_1_182' title='bbox 1752 1989 1856 2020; x_wconf 92' lang='lat' dir='ltr'><strong>non</strong></span> 
     </span>
     <span class='ocr_line' id='line_1_26' title="bbox 244 2042 1856 2111; baseline 0.001 -17"><span class='ocrx_word' id='word_1_183' title='bbox 244 2052 333 2108; x_wconf 88' lang='lat' dir='ltr'><strong>est,</strong></span> <span class='ocrx_word' id='word_1_184' title='bbox 384 2042 700 2095; x_wconf 60' lang='lat' dir='ltr'><strong>vocabulum</strong></span> <span class='ocrx_word' id='word_1_185' title='bbox 762 2044 959 2109; x_wconf 87' lang='lat' dir='ltr'><strong>„feris,“</strong></span> <span class='ocrx_word' id='word_1_186' title='bbox 1007 2044 1150 2111; x_wconf 91' lang='lat' dir='ltr'><strong>quod</strong></span> <span class='ocrx_word' id='word_1_187' title='bbox 1187 2044 1401 2111; x_wconf 83' lang='lat' dir='ltr'><strong>vulgata</strong></span> <span class='ocrx_word' id='word_1_188' title='bbox 1444 2045 1664 2095; x_wconf 90' lang='lat' dir='ltr'><strong>lectione</strong></span> <span class='ocrx_word' id='word_1_189' title='bbox 1715 2062 1856 2095; x_wconf 92' lang='lat' dir='ltr'><strong>com-</strong></span> 
     </span>
     <span class='ocr_line' id='line_1_27' title="bbox 241 2117 1855 2187; baseline 0.001 -19"><span class='ocrx_word' id='word_1_190' title='bbox 241 2118 471 2186; x_wconf 53' lang='lat' dir='ltr'><strong>probata*</strong></span> <span class='ocrx_word' id='word_1_191' title='bbox 500 2118 630 2169; x_wconf 89' lang='lat' dir='ltr'><strong>nihil</strong></span> <span class='ocrx_word' id='word_1_192' title='bbox 668 2117 826 2169; x_wconf 89' lang='lat' dir='ltr'><strong>aliud</strong></span> <span class='ocrx_word' id='word_1_193' title='bbox 850 2127 939 2182; x_wconf 86' lang='lat' dir='ltr'><strong>est,</strong></span> <span class='ocrx_word' id='word_1_194' title='bbox 979 2119 1078 2168; x_wconf 85' lang='lat' dir='ltr'><strong>nisi</strong></span> <span class='ocrx_word' id='word_1_195' title='bbox 1118 2119 1381 2186; x_wconf 86' lang='lat' dir='ltr'><strong>epitheton</strong></span> <span class='ocrx_word' id='word_1_196' title='bbox 1421 2118 1686 2187; x_wconf 88' lang='lat' dir='ltr'><strong>aliquanto</strong></span> <span class='ocrx_word' id='word_1_197' title='bbox 1728 2118 1855 2169; x_wconf 91' lang='lat' dir='ltr'><strong>otio-</strong></span> 
     </span>
     <span class='ocr_line' id='line_1_28' title="bbox 243 2192 1856 2260; baseline 0.001 -20"><span class='ocrx_word' id='word_1_198' title='bbox 243 2193 349 2241; x_wconf 85' lang='lat' dir='ltr'><strong>sius</strong></span> <span class='ocrx_word' id='word_1_199' title='bbox 378 2192 651 2256; x_wconf 88' lang='lat' dir='ltr'><strong>adiectum,</strong></span> <span class='ocrx_word' id='word_1_200' title='bbox 678 2210 709 2241; x_wconf 92' lang='lat' dir='ltr'><strong>a</strong></span> <span class='ocrx_word' id='word_1_201' title='bbox 734 2193 948 2242; x_wconf 84' lang='lat' dir='ltr'><strong>iuvenili</strong></span> <span class='ocrx_word' id='word_1_202' title='bbox 980 2200 1180 2242; x_wconf 89' lang='lat' dir='ltr'><strong>tantum</strong></span> <span class='ocrx_word' id='word_1_203' title='bbox 1215 2200 1402 2260; x_wconf 78' lang='lat' dir='ltr'><strong>po&#39;etae</strong></span> <span class='ocrx_word' id='word_1_204' title='bbox 1441 2202 1605 2243; x_wconf 88' lang='lat' dir='ltr'><strong>aetate</strong></span> <span class='ocrx_word' id='word_1_205' title='bbox 1626 2194 1856 2260; x_wconf 86' lang='lat' dir='ltr'><strong>aliquam</strong></span> 
     </span>
     <span class='ocr_line' id='line_1_29' title="bbox 243 2262 1857 2333; baseline 0.002 -19"><span class='ocrx_word' id='word_1_206' title='bbox 243 2262 438 2331; x_wconf 83' lang='lat' dir='ltr'><strong>habere</strong></span> <span class='ocrx_word' id='word_1_207' title='bbox 477 2267 879 2317; x_wconf 85' lang='lat' dir='ltr'><strong>excusationem.</strong></span> <span class='ocrx_word' id='word_1_208' title='bbox 942 2266 1139 2317; x_wconf 90' lang='lat' dir='ltr'><strong>Verum</strong></span> <span class='ocrx_word' id='word_1_209' title='bbox 1191 2268 1306 2333; x_wconf 89' lang='lat' dir='ltr'><strong>quis</strong></span> <span class='ocrx_word' id='word_1_210' title='bbox 1345 2267 1533 2330; x_wconf 90' lang='lat' dir='ltr'><strong>credat,</strong></span> <span class='ocrx_word' id='word_1_211' title='bbox 1580 2267 1857 2317; x_wconf 90' lang='lat' dir='ltr'><strong>Horatium</strong></span> 
     </span>
     <span class='ocr_line' id='line_1_30' title="bbox 243 2332 1857 2409; baseline 0.001 -21"><span class='ocrx_word' id='word_1_212' title='bbox 243 2332 349 2388; x_wconf 85' lang='lat' dir='ltr'><strong>tam</strong></span> <span class='ocrx_word' id='word_1_213' title='bbox 386 2356 692 2407; x_wconf 87' lang='lat' dir='ltr'><strong>perversum</strong></span> <span class='ocrx_word' id='word_1_214' title='bbox 731 2340 906 2403; x_wconf 88' lang='lat' dir='ltr'><strong>fuisse,</strong></span> <span class='ocrx_word' id='word_1_215' title='bbox 935 2349 990 2390; x_wconf 91' lang='lat' dir='ltr'><strong>ut</strong></span> <span class='ocrx_word' id='word_1_216' title='bbox 1016 2341 1240 2390; x_wconf 88' lang='lat' dir='ltr'><strong>otiosum</strong></span> <span class='ocrx_word' id='word_1_217' title='bbox 1277 2340 1407 2390; x_wconf 84' lang='lat' dir='ltr'><strong>illud</strong></span> <span class='ocrx_word' id='word_1_218' title='bbox 1441 2342 1703 2409; x_wconf 88' lang='lat' dir='ltr'><strong>epitheton</strong></span> <span class='ocrx_word' id='word_1_219' title='bbox 1737 2358 1857 2391; x_wconf 91' lang='lat' dir='ltr'><strong>cum</strong></span> 
     </span>
     <span class='ocr_line' id='line_1_31' title="bbox 244 2414 1857 2482; baseline 0.001 -21"><span class='ocrx_word' id='word_1_220' title='bbox 244 2420 386 2462; x_wconf 89' lang='lat' dir='ltr'><strong>tanta</strong></span> <span class='ocrx_word' id='word_1_221' title='bbox 422 2414 477 2463; x_wconf 84' lang='lat' dir='ltr'><strong>vi</strong></span> <span class='ocrx_word' id='word_1_222' title='bbox 514 2415 568 2463; x_wconf 91' lang='lat' dir='ltr'><strong>in</strong></span> <span class='ocrx_word' id='word_1_223' title='bbox 606 2415 709 2463; x_wconf 92' lang='lat' dir='ltr'><strong>fine</strong></span> <span class='ocrx_word' id='word_1_224' title='bbox 747 2431 927 2464; x_wconf 89' lang='lat' dir='ltr'><strong>versus</strong></span> <span class='ocrx_word' id='word_1_225' title='bbox 967 2422 1185 2482; x_wconf 90' lang='lat' dir='ltr'><strong>poneret</strong></span> <span class='ocrx_word' id='word_1_226' title='bbox 1221 2431 1393 2480; x_wconf 92' lang='lat' dir='ltr'><strong>neque</strong></span> <span class='ocrx_word' id='word_1_227' title='bbox 1432 2431 1555 2464; x_wconf 79' lang='lat' dir='ltr'><strong>vero</strong></span> <span class='ocrx_word' id='word_1_228' title='bbox 1597 2414 1857 2464; x_wconf 88' lang='lat' dir='ltr'><strong>adsentiar</strong></span> 
     </span>
     <span class='ocr_line' id='line_1_32' title="bbox 237 2485 1856 2557; baseline 0.002 -22"><span class='ocrx_word' id='word_1_229' title='bbox 237 2485 511 2551; x_wconf 85' lang='lat' dir='ltr'><strong>dictitanti,</strong></span> <span class='ocrx_word' id='word_1_230' title='bbox 571 2490 920 2555; x_wconf 86' lang='lat' dir='ltr'><strong>„nunquam“‚</strong></span> <span class='ocrx_word' id='word_1_231' title='bbox 979 2488 1122 2555; x_wconf 91' lang='lat' dir='ltr'><strong>quod</strong></span> <span class='ocrx_word' id='word_1_232' title='bbox 1162 2485 1387 2557; x_wconf 64' lang='lat' dir='ltr'><strong>&gt;praebet</strong></span> <span class='ocrx_word' id='word_1_233' title='bbox 1437 2488 1593 2539; x_wconf 91' lang='lat' dir='ltr'><strong>editio</strong></span> <span class='ocrx_word' id='word_1_234' title='bbox 1642 2488 1856 2552; x_wconf 87' lang='lat' dir='ltr'><strong>Veneta,</strong></span> 
     </span>
     <span class='ocr_line' id='line_1_33' title="bbox 244 2562 1857 2635; baseline 0.002 -26"><span class='ocrx_word' id='word_1_235' title='bbox 244 2577 449 2611; x_wconf 89' lang='lat' dir='ltr'><strong>merum</strong></span> <span class='ocrx_word' id='word_1_236' title='bbox 489 2578 602 2613; x_wconf 87' lang='lat' dir='ltr'><strong>esse</strong></span> <span class='ocrx_word' id='word_1_237' title='bbox 641 2579 919 2635; x_wconf 88' lang='lat' dir='ltr'><strong>operarum</strong></span> <span class='ocrx_word' id='word_1_238' title='bbox 961 2579 1206 2613; x_wconf 89' lang='lat' dir='ltr'><strong>errorem.</strong></span> <span class='ocrx_word' id='word_1_239' title='bbox 1271 2563 1406 2624; x_wconf 85' lang='lat' dir='ltr'><strong>Quid</strong></span> <span class='ocrx_word' id='word_1_240' title='bbox 1450 2564 1586 2612; x_wconf 89' lang='lat' dir='ltr'><strong>enim</strong></span> <span class='ocrx_word' id='word_1_241' title='bbox 1623 2562 1857 2631; x_wconf 85' lang='lat' dir='ltr'><strong>impedit,</strong></span> 
     </span>
     <span class='ocr_line' id='line_1_34' title="bbox 246 2636 1858 2704; baseline 0.002 -20"><span class='ocrx_word' id='word_1_242' title='bbox 246 2636 365 2701; x_wconf 65' lang='lat' dir='ltr'><strong>quo‘</strong></span> <span class='ocrx_word' id='word_1_243' title='bbox 388 2636 575 2687; x_wconf 75' lang='lat' dir='ltr'><strong>,minus</strong></span> <span class='ocrx_word' id='word_1_244' title='bbox 626 2654 741 2688; x_wconf 90' lang='lat' dir='ltr'><strong>eam</strong></span> <span class='ocrx_word' id='word_1_245' title='bbox 792 2638 1143 2687; x_wconf 87' lang='lat' dir='ltr'><strong>coniecturam</strong></span> <span class='ocrx_word' id='word_1_246' title='bbox 1197 2636 1336 2687; x_wconf 88' lang='lat' dir='ltr'><strong>felici</strong></span> <span class='ocrx_word' id='word_1_247' title='bbox 1394 2636 1598 2687; x_wconf 88' lang='lat' dir='ltr'><strong>cuidam</strong></span> <span class='ocrx_word' id='word_1_248' title='bbox 1645 2637 1858 2704; x_wconf 86' lang='lat' dir='ltr'><strong>ingenio</strong></span> 
     </span>
     <span class='ocr_line' id='line_1_35' title="bbox 245 2709 1859 2779; baseline 0.002 -21"><span class='ocrx_word' id='word_1_249' title='bbox 245 2709 575 2760; x_wconf 81' lang='lat' dir='ltr'><strong>tribuamus?</strong></span> <span class='ocrx_word' id='word_1_250' title='bbox 640 2710 744 2762; x_wconf 87' lang='lat' dir='ltr'><strong>Sed</strong></span> <span class='ocrx_word' id='word_1_251' title='bbox 782 2718 899 2761; x_wconf 86' lang='lat' dir='ltr'><strong>utut</strong></span> <span class='ocrx_word' id='word_1_252' title='bbox 950 2719 1039 2776; x_wconf 85' lang='lat' dir='ltr'><strong>est,</strong></span> <span class='ocrx_word' id='word_1_253' title='bbox 1088 2710 1323 2779; x_wconf 84' lang='lat' dir='ltr'><strong>profecto</strong></span> <span class='ocrx_word' id='word_1_254' title='bbox 1374 2711 1573 2778; x_wconf 88' lang='lat' dir='ltr'><strong>gratiae</strong></span> <span class='ocrx_word' id='word_1_255' title='bbox 1626 2710 1859 2779; x_wconf 85' lang='lat' dir='ltr'><strong>agendae</strong></span> 
     </span>
     <span class='ocr_line' id='line_1_36' title="bbox 245 2783 1859 2852; baseline 0.002 -21"><span class='ocrx_word' id='word_1_256' title='bbox 245 2791 364 2832; x_wconf 88' lang='lat' dir='ltr'><strong>sunt</strong></span> <span class='ocrx_word' id='word_1_257' title='bbox 389 2783 638 2847; x_wconf 90' lang='lat' dir='ltr'><strong>Bentleio‚</strong></span> <span class='ocrx_word' id='word_1_258' title='bbox 666 2785 807 2852; x_wconf 92' lang='lat' dir='ltr'><strong>quod</strong></span> <span class='ocrx_word' id='word_1_259' title='bbox 843 2785 1119 2835; x_wconf 90' lang='lat' dir='ltr'><strong>lectionem</strong></span> <span class='ocrx_word' id='word_1_260' title='bbox 1158 2785 1303 2835; x_wconf 90' lang='lat' dir='ltr'><strong>illam</strong></span> <span class='ocrx_word' id='word_1_261' title='bbox 1342 2801 1406 2834; x_wconf 86' lang='lat' dir='ltr'><strong>ex</strong></span> <span class='ocrx_word' id='word_1_262' title='bbox 1434 2784 1659 2835; x_wconf 90' lang='lat' dir='ltr'><strong>editione</strong></span> <span class='ocrx_word' id='word_1_263' title='bbox 1686 2793 1859 2835; x_wconf 89' lang='lat' dir='ltr'><strong>vetere</strong></span> 
     </span>
     <span class='ocr_line' id='line_1_37' title="bbox 248 2856 1860 2925; baseline 0.001 -18"><span class='ocrx_word' id='word_1_264' title='bbox 248 2856 383 2908; x_wconf 82' lang='lat' dir='ltr'><strong>eruit</strong></span> <span class='ocrx_word' id='word_1_265' title='bbox 419 2866 576 2925; x_wconf 88' lang='lat' dir='ltr'><strong>atque</strong></span> <span class='ocrx_word' id='word_1_266' title='bbox 620 2859 897 2909; x_wconf 90' lang='lat' dir='ltr'><strong>Horatium</strong></span> <span class='ocrx_word' id='word_1_267' title='bbox 935 2859 1090 2910; x_wconf 83' lang='lat' dir='ltr'><strong>foeda</strong></span> <span class='ocrx_word' id='word_1_268' title='bbox 1127 2860 1368 2910; x_wconf 90' lang='lat' dir='ltr'><strong>libe-ravit</strong></span> <span class='ocrx_word' id='word_1_269' title='bbox 1405 2860 1626 2911; x_wconf 87' lang='lat' dir='ltr'><strong>macula.</strong></span> <span class='ocrx_word' id='word_1_270' title='bbox 1702 2859 1860 2921; x_wconf 81' lang='lat' dir='ltr'><strong>Quod</strong></span> 
     </span>
     <span class='ocr_line' id='line_1_38' title="bbox 247 2926 1859 3003; baseline 0.002 -23"><span class='ocrx_word' id='word_1_271' title='bbox 247 2926 423 2981; x_wconf 87' lang='lat' dir='ltr'><strong>autem</strong></span> <span class='ocrx_word' id='word_1_272' title='bbox 461 2930 689 2983; x_wconf 82' lang='lat' dir='ltr'><strong>Orellius</strong></span> <span class='ocrx_word' id='word_1_273' title='bbox 729 2933 873 2998; x_wconf 83' lang='lat' dir='ltr'><strong>dixit,</strong></span> <span class='ocrx_word' id='word_1_274' title='bbox 898 2933 1122 2984; x_wconf 87' lang='lat' dir='ltr'><strong>lectione</strong></span> <span class='ocrx_word' id='word_1_275' title='bbox 1155 2936 1485 3001; x_wconf 87' lang='lat' dir='ltr'><strong>„nunquam“</strong></span> <span class='ocrx_word' id='word_1_276' title='bbox 1519 2942 1729 3003; x_wconf 89' lang='lat' dir='ltr'><strong>recepta</strong></span> <span class='ocrx_word' id='word_1_277' title='bbox 1762 2950 1859 3003; x_wconf 88' lang='lat' dir='ltr'><strong>pro</strong></span> 
     </span>
    </p>

    <p class='ocr_par' dir='ltr' id='par_1_8' title="bbox 1517 3020 1565 3061">
     <span class='ocr_line' id='line_1_39' title="bbox 1517 3020 1565 3061; baseline 0 -19"><span class='ocrx_word' id='word_1_278' title='bbox 1517 3020 1565 3061; x_wconf 64' lang='grc'><strong>1*</strong></span> 
     </span>
    </p>
   </div>
  </div>
 </body>
</html>
