2065 3174
1798 118 1833 164 ὁ,

215 238 467 309 probare
494 236 898 305 'studuit'atq‘ue
934 238 1193 307 persuasit
1230 238 1474 306 Linkero,
1501 243 1615 309 >qui
1656 245 1825 306 conie-

217 320 419 366 cturam
454 310 598 361 illam
631 310 690 361 ‘ih
728 312 1013 363 verborum
1053 313 1287 364 ordinem
1326 317 1535 383 recepit.

327 383 561 451 Lection‘i
599 399 631 434 a
667 384 902 435 Bentleio
940 394 1180 455 receptae
1231 387 1372 438 favet
1410 389 1620 455 quidem
1659 391 1828 441 codex

219 458 494 511 Beruensis
534 465 769 524 quartus,
791 459 845 508 in
886 477 990 526 quo
1017 461 1304 533 „proiecta“
1333 463 1488 513 elaris
1525 463 1706 514 litteris
1741 482 1827 515 ex-

216 533 436 585 hibitum
475 539 566 581 est.
591 530 801 601 &Verum
841 541 1013 583 tamen
1051 535 1194 585 nullo
1233 537 1389 587 modo
1429 537 1673 587 adsentiri
1710 557 1827 607 pos—

217 615 346 658 sum‘
371 607 484 656 viro
523 605 844 671 doctissimo,
894 625 1014 657 nam
1053 615 1350 678 „porrecta“
1391 613 1714 680 aptissimum
1755 623 1831 664 est

215 681 337 732 huic
373 679 507 744 loco,
547 696 665 730 cum
704 679 911 745 indicet,
959 681 1219 735 Maevium
1259 686 1570 737 suffocatum
1608 687 1660 736 in
1699 688 1831 738 mari

217 754 285 805 ad
321 754 444 805 litus
483 754 703 804 eiectum
744 770 856 805 esse
894 763 1051 822 atque
1087 758 1161 808 ita
1197 759 1342 824 illud,
1383 760 1525 827 quod
1562 762 1829 829 praecedit

217 828 425 896 „opima
458 826 684 895 praeda“
723 829 959 896 explicet.
1006 830 1208 883 Deinde
1247 836 1333 884 cui
1370 853 1476 884 non
1514 835 1565 884 in
1607 843 1830 885 mentem

216 902 358 952 venit
394 901 732 951 Homericum
770 902 900 952 illud
938 910 1075 967 ῃμοῖρα
1102 906 1331 967 τανηλεγέος
1360 907 1572 953 3ανάτοιο“
1592 914 1609 949 ⁸?

278 1022 404 1067 XVI.
437 1037 479 1065 v.
513 1022 571 1067 65
606 1039 670 1081 sq.
704 1023 842 1077 Aere,
879 1021 1039 1065 dehinc
1069 1022 1186 1065 ferro
1220 1021 1392 1065 duravit
1424 1023 1611 1080 saecula,
1645 1040 1829 1082 quorum

792 1084 884 1130 Piis
916 1085 1111 1130 secunda
1143 1091 1241 1127 vate
1276 1099 1346 1127 me
1380 1084 1509 1128 datur
1540 1087 1657 1144 fuga.

327 1198 413 1250 Sic
450 1199 503 1248 in
547 1200 788 1250 omnibus
823 1199 1127 1250 melioribus
1156 1197 1426 1249 codicibus
1464 1198 1670 1267 legitur.
1728 1199 1830 1252 Sed

218 1273 483 1323 Bentleius
520 1274 574 1322 in
612 1275 890 1338 nonnullis,
924 1276 977 1323 in
1017 1274 1209 1340 quibus
1248 1281 1325 1321 est
1354 1272 1638 1338 Leidensis,
1678 1274 1829 1342 Regi-

218 1347 406 1410 nensis,
432 1347 848 1414 Magdalenensis
875 1365 918 1400 e.
941 1355 1002 1397 ct.
1030 1350 1241 1411 „aerea“
1267 1346 1477 1410 invenit,
1505 1364 1659 1413 quam
1689 1348 1830 1399 lecti-

219 1437 370 1471 onem
410 1421 760 1488 recipiendam
800 1421 1015 1490 putavit.
1092 1420 1350 1484 „Dehinc“
1376 1428 1504 1483 tum,
1540 1429 1597 1470 ut
1628 1422 1707 1471 vir
1742 1422 1829 1471 do-

219 1495 472 1545 ctissimus
501 1496 873 1559 animadvertit,
902 1496 1108 1546 unicam
1136 1494 1391 1560 syllabam
1419 1495 1553 1558 facit,
1590 1504 1646 1544 ut
1677 1496 1831 1562 Verg.

217 1567 347 1619 Aen.
387 1567 482 1632 IX,
515 1571 638 1620 480:
696 1568 942 1634 „Caelum
994 1568 1180 1619 dehinc
1219 1568 1489 1635 questibus
1532 1569 1744 1637 implet“
1784 1578 1834 1619 et

219 1640 369 1692 Ovid,
403 1642 537 1693 Fast.
576 1643 664 1693 VI.
694 1649 720 1693 7
730 1646 826 1695 88:
867 1643 1099 1708 „Dehinc
1137 1643 1247 1706 erit,
1279 1640 1459 1706 Orion,
1499 1643 1833 1711 adspicienda

217 1717 387 1767 mihi.“
439 1716 571 1781 „Segi
598 1718 760 1768 multo
787 1719 954 1767 maius
982 1716 1195 1767 offendit
1220 1717 1301 1765 vir
1328 1718 1567 1784 egregius
1602 1718 1654 1766 in
1681 1735 1831 1768 voea—

218 1792 344 1841 bulo
374 1787 674 1857 „quorum“,
703 1793 844 1858 quod
883 1800 1093 1859 recepta
1129 1792 1351 1841 lectione
1380 1796 1592 1855 „aerea“
1629 1792 1695 1841 ad
1722 1808 1830 1841 sae-

219 1864 338 1914 cula
358 1881 512 1914 aerea
531 1866 729 1915 referas
755 1874 971 1934 oportet.
996 1865 1157 1932 Atqui
1179 1866 1307 1914 haec
1334 1865 1591 1914 scribente
1610 1865 1831 1914 Horatio

220 1937 456 2002 „ferrea“v
489 1949 629 1989 aetas
667 1940 771 1990 iam
812 1940 902 1990 diu
941 1948 1278 2007 processerat.
1317 1939 1469 1989 Hanc
1506 1940 1664 2006 igitur
1700 1940 1831 1989 diffi-

220 2012 480 2076 cultatem,
521 2021 577 2061 ut
603 2013 867 2062 Bentleius
896 2014 1166 2076 existimat,
1197 2012 1453 2062 Graevius
1481 2013 1698 2075 sustulit,
1728 2014 1831 2079 qui,

220 2094 278 2135 ut
316 2085 561 2136 Heinsius
599 2088 653 2136 in
690 2088 814 2138 libri
853 2088 932 2137 sui
972 2088 1207 2154 margine
1246 2095 1517 2149 memorat,
1570 2087 1643 2136 sic
1694 2087 1830 2153 lege-

218 2159 331 2210 bat:
384 2160 681 2225 „Quorsum
735 2162 837 2211 Piis
888 2161 1117 2212 secunda
1166 2169 1284 2210 vate
1335 2177 1418 2210 me
1471 2159 1622 2210 datur
1660 2161 1832 2228 fuga“,

219 2235 312 2284 ubi
351 2241 663 2301 „quorsum“
692 2237 766 2286 sie
793 2237 1089 2304 explicabat
1108 2236 1212 2300 „ad
1241 2253 1376 2302 quae
1408 2237 1575 2299 litora,
1603 2237 1666 2284 ad
1696 2253 1832 2301 quae

221 2307 374 2357 beata
413 2326 539 2359 arva
577 2317 628 2359 et-
667 2309 849 2360 divites
887 2310 1127 2360 insulas.“
1192 2310 1465 2360 Meliorem
1516 2318 1690 2359 autem
1728 2309 1829 2359 loci

220 2383 438 2433 sanandi
486 2386 740 2434 rationem
791 2386 1055 2453 Bentleius
1109 2385 1207 2435 sibi
1255 2385 1514 2434 invenisse
1564 2385 1706 2434 visus
1759 2393 1834 2433 est

219 2457 489 2525 proposito
532 2475 669 2527 „quo
709 2462 891 2525 nunc“,
944 2458 1089 2527 quod
1126 2466 1298 2510 tamen
1337 2458 1611 2527 proposuit
1648 2457 1831 2524 solum,

220 2531 311 2578 sed
350 2549 455 2580 non
493 2534 548 2581 in
587 2534 875 2589 orationem
912 2535 1123 2600 recepit.

333 2603 529 2656 Verum
571 2606 769 2672 omnia,
823 2623 958 2674 quae
998 2606 1062 2657 de
1114 2607 1213 2659 hoe
1263 2605 1378 2657 loco
1431 2606 1713 2674 disputavit
1752 2606 1834 2656 vir

221 2678 459 2744 eximius,
497 2682 621 2730 mihi
661 2697 716 2731 se
755 2700 858 2731 non
896 2690 1036 2731 recte
1075 2683 1270 2732 babere
1307 2681 1561 2730 videntur.
1628 2679 1834 2729 Etenim

221 2751 350 2818 quid
390 2754 574 2820 obstat,
615 2774 719 2822 quo
761 2756 932 2807 minus
971 2764 1269 2820 statuamus,
1309 2755 1599 2819 Horatium,
1640 2762 1697 2805 ut
1733 2755 1834 2805 sin-

220 2826 374 2892 gulos
413 2828 671 2879 humanae
712 2831 892 2880 aetatis
929 2831 1125 2899 gradus
1165 2829 1491 2898 significaret,
1517 2829 1836 2879 vocabulum

221 2903 401 2963 „aere“
439 2904 707 2970 repetiisse
746 2913 798 2954 et
834 2921 953 2955 cum
993 2904 1190 2970 „ferro“
1230 2904 1595 2955 coniunxisse?
1636 2903 1754 2964 Qua
1779 2921 1838 2954 re

221 2972 397 3025 vivida
432 2976 665 3045 profecto
706 2977 870 3030 oculis
907 2978 1096 3032 nostris
1136 2978 1371 3030 oboritur
1419 2978 1593 3047 imago
1631 2979 1836 3045 generis
