2065 3174
1813 121 1838 166 ‘1

204 232 592 328 explicaveris.
642 229 982 289 verecundus
1022 239 1167 290 color
1205 238 1443 306 reliquit
1454 244 1658 308 eorpuS,
1693 242 1841 293 ouius

223 309 297 366 nil
334 320 506 376 restat,
546 312 645 362 nisi
684 327 802 362 ossa
838 311 977 379 pelle
1014 311 1189 362 Iurida
1226 314 1428 377 amicta,
1467 314 1699 381 profecto
1733 333 1839 366 non

223 395 313 453 est,
351 385 495 454 quod
521 385 587 436 de
612 382 767 436 huius
794 391 974 435 versus
999 386 1259 453 genuinae
1283 385 1454 436 forma
1480 385 1700 438 dubites.
1747 388 1838 439 At-

224 477 330 529 que
370 459 715 510 certissimum
755 467 845 522 est,
896 458 1173 509 Horatium
1222 458 1468 509 adludere
1507 460 1735 511 voluisse
1773 462 1841 512 ad

222 533 560 605 proverbium
615 531 894 599 quoddam,
955 532 1096 599 quod
1146 532 1298 583 nobis
1352 534 1576 583 servavit
1625 534 1841 586 Plautus

224 607 372 680 Capt.
397 605 438 656 I.
468 609 518 656 2.
545 608 643 656 26:
697 604 860 671 „Ossa
891 613 1048 673 atque
1078 605 1229 674 pellis
1264 624 1378 656 sum
1415 606 1569 656 miser
1600 608 1840 658 maeritu

225 678 378 731 di‘n‘e“
405 687 562 745 atque
596 678 780 728 eodem
813 679 971 729 modo
1000 678 1189 729 Graeci
1224 679 1492 730 dixerunt:
1527 683 1639 729 Αὐτοὶ
1665 683 1718 729 τὰ
1744 684 1841 729 ὀστᾶ

223 749 344 797 λοίπα
365 749 457 796 ἐστι’
473 767 571 802 τινος
596 750 661 795 καὶ
690 744 825 810 δέρμα.

287 829 403 908 Ibid.
436 879 477 906 v.
510 862 569 907 32
602 878 671 922 ες.-
701 890 761 897 --
792 888 848 894 --
891 887 940 894 -
977 874 1061 905 nee
1092 860 1253 905 Sicana
1283 860 1457 905 fervida

700 924 863 967 Virens
895 924 939 965 in
973 923 1120 966 Aetna
1149 923 1345 978 flamma,
1381 949 1437 955 -
1472 948 1528 954 -

335 1036 452 1086 Hoc
500 1036 617 1085 loeo
670 1035 875 1086 codices
927 1034 1098 1084 varias
1143 1034 1390 1084 lectiones
1441 1034 1708 1100 praebent,
1760 1035 1840 1085 vel

234 1109 487 1176 „virens“,
522 1108 611 1159 *vel
658 1110 896 1175 „urens“,
934 1108 1018 1158 vel
1064 1107 1316 1174 „furens.“
1387 1107 1466 1157 Ao
1510 1107 1743 1172 „virens“
1788 1109 1842 1158 in
1877 1161 1885 1167 x

227 1184 434 1252 optimis
472 1184 663 1250 legitur
716 1183 1010 1246 codicibus,
1061 1186 1278 1247 ,‚urens“
1318 1182 1553 1232 nonnulli
1590 1182 1714 1234 libri
1753 1200 1840 1232 ex-

227 1258 408 1308 hibent
443 1275 548 1307 non
586 1257 796 1307 infimae
835 1265 1002 1321 notae,
1042 1256 1280 1320 „furens“
1317 1257 1371 1306 in
1411 1256 1591 1323 paucis
1630 1273 1691 1307 ao
1729 1256 1841 1307 vili-

225 1332 324 1381 bus
363 1339 627 1398 repertum
657 1339 734 1381 est
759 1331 1090 1380 membranis.
1129 1330 1332 1379 Harum
1365 1331 1523 1396 igitur
1561 1330 1842 1380 lectionum

128 1449 135 1456 ,
216 1405 463 1475 ‘„furens“
496 1405 724 1472 praefert
761 1405 1038 1467 BentleiuS,
1076 1405 1209 1454 hane
1248 1405 1384 1453 enim
1423 1404 1695 1471 pulchram
1737 1404 1841 1453 exi·

227 1474 399 1528 stimat
436 1478 629 1528 habero
666 1478 1053 1528 translationem
1095 1478 1162 1527 ab
1202 1478 1431 1527 humano
1472 1477 1659 1527 affeetu
1700 1486 1750 1527 et
1776 1478 1840 1527 si-

227 1552 353 1615 mul,
404 1561 461 1601 ut
506 1552 615 1601 fieri
670 1553 754 1602 hie
803 1560 1057 1620 oporteat,
1108 1552 1370 1618 ingentem
1411 1551 1649 1601 flammae
1691 1553 1840 1601 vehe-

227 1625 473 1675 mentiam
514 1625 785 1676 ostendere
823 1634 875 1676 et
912 1625 1216 1676 sententiam
1256 1642 1401 1675 suam
1451 1624 1624 1674 multis
1664 1632 1840 1693 poeta-

227 1718 345 1748 rum
372 1698 726 1749 Romanorum
769 1699 1020 1767 exemplis
1060 1699 1368 1749 confirmare
1408 1707 1639 1748 conatur.
1690 1700 1840 1749 Bent-

222 1772 382 1823 leium
411 1774 573 1823 secuti
600 1782 719 1823 sunt
743 1774 1020 1841 Hauptius,
1047 1773 1355 1836 Meinekius,
1383 1773 1655 1822 Linkerus.
1694 1772 1840 1823 Orel-

223 1831 325 1896 lius
365 1855 552 1911 autem,
591 1847 985 1914 Peerlkampius
1026 1846 1219 1913 aliique
1268 1847 1542 1896 lectionem
1590 1848 1840 1911 ,virens“,

225 1937 376 1987 quae,
410 1928 468 1970 ut
494 1939 653 1989 supra
680 1921 919 1985 diximus,
947 1921 1260 1988 optimorum
1288 1920 1526 1971 codicum
1540 1922 1841 1971 auctoritate

141 2022 142 2025 =
223 1995 418 2058 nititur,
444 1997 580 2045 tueri
608 1997 777 2046 eonati
806 2004 938 2059 sunt,
975 2013 1293 2061 quamquam
1323 2012 1436 2045 eam
1466 1995 1613 2045 aliter
1641 1996 1726 2045 alii
1754 2013 1838 2045 ex-

225 2067 498 2135 plicarunt.
541 2067 768 2119 Orellius
796 2070 971 2136 igitur,
999 2076 1055 2118 ut
1081 2069 1146 2118 ab
1175 2067 1264 2118 illo
1292 2069 1495 2118 initium
1523 2070 1709 2119 faciam
1738 2070 1838 2130 „vi-

223 2149 371 2192 rens¹‘
400 2143 769 2211 interpretatur
808 2143 873 2192 de
912 2142 1153 2201 flammae
1191 2142 1468 2207 sulfureae,
1508 2144 1715 2210 qualem
1756 2160 1838 2193 ex-

225 2215 368 2266 halat
393 2215 576 2281 Aetna,
605 2217 780 2268 eolore
817 2218 951 2267 inter
988 2217 1187 2283 gilvum
1214 2216 1428 2267 viridem
1458 2226 1508 2268 et
1541 2217 1838 2268 caeruleum

227 2290 411 2341 medio.
465 2292 613 2353 Quae
643 2292 918 2359 explicatio
958 2292 1083 2341 mihi
1111 2291 1323 2358 quidem
1353 2293 1651 2360 speciosior,
1679 2309 1837 2358 quam

225 2364 396 2415 verior
435 2382 545 2416 esse
584 2366 805 2416 videtur.
869 2365 1037 2416 Aliter
1088 2367 1241 2416 sentit
1279 2367 1696 2434 Peerlkampius,
1747 2367 1838 2432 qui

225 2438 446 2498 ,‚virens‘⁴
486 2440 586 2490 hoe
623 2440 741 2490 loco
779 2440 920 2489 idem
959 2456 1070 2489 esse
1110 2440 1234 2490 dicit
1273 2458 1333 2490 ao
1359 2441 1616 2507 „sulgens“
1647 2440 1836 2489 collato

222 2510 338 2562 loeo
381 2512 563 2576 Plauti,
602 2514 693 2579 qui
733 2522 809 2563 est
845 2514 899 2563 in
938 2513 1260 2565 Menaechm.
1300 2515 1360 2565 V.
1402 2517 1450 2578 2,
1492 2517 1585 2564 76:
1640 2513 1835 2574 „Viden

222 2590 280 2633 tu
322 2584 397 2635 illi
448 2586 626 2636 oeulos
673 2587 879 2637 virere?
946 2586 1015 2637 Ut
1063 2587 1243 2637 viridis
1297 2589 1528 2638 exoritur
1579 2588 1720 2637 colos
1772 2603 1837 2635 ex

221 2660 545 2727 temporibus
584 2669 744 2728 atque
784 2661 997 2712 fronte.“
1051 2660 1154 2712 Sed
1194 2680 1348 2728 quam
1390 2679 1575 2730 parum
1616 2660 1839 2712 sufficiat

220 2730 365 2783 loeus
403 2734 493 2785 ille
532 2734 599 2784 ad
638 2735 1093 2786 demonstrandam
1121 2753 1278 2803 quam
1316 2735 1570 2787 vocabulo
1611 2736 1837 2797 „virens‘⁴

219 2805 403 2857 tribuit
454 2809 883 2877 significationem
936 2810 1343 2878 PeerlkampiuS,
1397 2828 1499 2860 non
1551 2819 1641 2874 est,
1694 2811 1836 2876 quod

219 2878 460 2946 pluribus
500 2900 774 2952 exponam.

331 2955 480 3017 Quae
531 2974 651 3008 eum
699 2958 772 3008 ita
822 2958 937 3024 sint,
987 2976 1091 3010 non
1141 2957 1324 3010 dubito
1377 2959 1441 3009 ad
1486 2958 1628 3009 illam
1684 2960 1837 3010 inter-
