2065 3174
205 96 234 139 2
647 94 658 144 v
742 69 752 117 ³

203 220 360 269 rebus
386 208 768 287 grammaticis,i
792 219 951 269 veluti
982 218 1048 268 de
1075 218 1389 285 digammate
1415 218 1648 282 AeolicO,
1685 218 1829 274 deni-

208 309 310 360 que
336 290 477 341 haud
501 309 698 359 paucas
726 292 1116 360 explanationes
1144 292 1208 342 ad
1238 292 1509 343 historiam
1545 292 1830 360 antiquam,

205 366 579 433 mythologiam
610 364 820 433 aliaque
857 365 911 415 id
950 383 1116 433 genus
1154 374 1460 437 spectantes,
1486 365 1641 434 facile
1678 366 1829 417 intel-

202 440 362 507 legeS,
408 456 530 489 eum
568 457 672 490 non
714 439 885 490 solum
924 456 1050 490 suae
1090 440 1270 490 aetatis
1312 439 1608 491 hominibus
1660 439 1827 492 doctis

207 513 550 563 admiratione
589 514 757 563 visum
797 529 911 563 esse
952 513 1330 581 dignissimum,
1370 513 1461 564 sed
1502 522 1553 564 et
1582 513 1743 565 ‘nobis
1771 521 1821 564 et

204 586 583 655 posterioribus
624 586 850 636 eundem
890 603 1098 655 semper
1136 587 1373 637 visurum
1412 604 1541 638 esse.

314 685 451 736 Ante
492 686 669 735 omnia
714 693 889 736 autem
928 686 1117 737 Horati
1162 686 1377 736 editioni
1415 686 1701 754 plurimum
1737 686 1827 736 tri-

205 761 373 811 buunt
408 759 508 809 viri
548 759 687 809 docti
726 775 901 826 neque
947 760 1223 824 immerit0‚
1280 777 1400 809 cum
1452 760 1829 824 commentarii,

205 834 395 900 quibus
435 850 550 883 eam
592 834 799 883 ornavit
836 834 918 883 vir
957 834 1199 897 eximius,
1251 833 1428 884 referti
1477 834 1579 883 sint
1617 843 1668 884 et
1706 851 1827 884 con-

202 907 413 957 iecturis
455 914 505 957 et
543 907 1060 976 interpretationibus
1101 907 1425 958 acutissimis.
1489 968 1492 970 μ

314 1006 486 1066 Quam
528 1007 596 1056 ob
636 1022 763 1070 rem,
791 1024 912 1057 cum
948 1008 1050 1057 hoc
1076 1024 1214 1056 anno
1255 1007 1383 1056 mihi
1411 1007 1680 1074 obtigisset
1713 1007 1826 1056 mu-

200 1098 299 1130 nus
338 1080 928 1148 paucaconscribendi,
975 1098 1110 1148 quae
1148 1082 1605 1149 praemitterentur
1643 1081 1827 1131 annuis

201 1155 327 1204 actis
367 1155 577 1204 scholae
615 1163 835 1219 nostrae,
875 1156 927 1203 in
969 1156 1199 1204 animum
1237 1155 1438 1218 induxi,
1475 1163 1533 1222 ut
1572 1154 1827 1221 quasdam

202 1228 621 1278 coniecturarum
658 1228 884 1292 illarum,
913 1246 1043 1295 quas
1071 1228 1338 1278 Bentleius
1376 1229 1431 1278 in
1471 1228 1657 1279 Horati
1685 1226 1825 1297 Epo-

200 1302 305 1353 don
343 1302 540 1366 librum
579 1303 869 1370 proposuit,
908 1305 1236 1353 recenserem
1276 1311 1327 1352 et
1359 1311 1614 1369 quantum
1652 1303 1705 1352 in
1743 1319 1827 1352 me

200 1376 354 1426 situm
382 1383 475 1442 est,
511 1375 808 1427 refellerem
848 1376 1101 1427 brevitate
1140 1394 1268 1426 usus
1310 1393 1471 1444 quam
1511 1376 1755 1426 maxima.

312 1465 658 1515 Coniecturae
685 1482 827 1528 vero,
858 1483 988 1531 quas
1015 1466 1314 1514 examinare
1342 1466 1530 1531 cogito,
1557 1465 1655 1514 hae
1682 1472 1825 1513 sunt:

260 1611 338 1654 IV.
373 1628 412 1654 v,
453 1612 506 1654 17
543 1627 606 1668 sq.
643 1609 764 1664 Quid
800 1611 955 1654 attinet
985 1617 1050 1654 tot
1082 1626 1160 1654 ora
1191 1610 1368 1653 navium
1401 1610 1529 1668 gravi

717 1671 923 1716 Rostrata
956 1671 1059 1716 duci
1089 1672 1289 1731 pondere
1323 1678 1404 1715 otc.

309 1774 425 1825 Hoc
464 1774 582 1824 loco
627 1773 890 1823 Bentleius
917 1772 1188 1823 vocabulis
1223 1790 1348 1837 „ora
1376 1772 1620 1822 navium“
1665 1770 1823 1822 offen-

198 1841 285 1899 sus
338 1849 406 1899 ad
443 1848 646 1900 Julium
701 1847 1025 1915 Scaligerum
1077 1855 1341 1915 provocat,
1395 1847 1487 1913 qui
1531 1846 1704 1907 locum
1744 1846 1824 1896 his

198 1924 376 1973 verbis
416 1923 648 1972 vellicat:
714 1922 951 1987 „Nesci0‚
991 1939 1057 1970 an
1117 1923 1268 1985 „ora“
1328 1920 1562 1970 dicamus
1613 1920 1825 1981 navium

197 2005 351 2061 recte,
382 1997 508 2064 quia
547 2004 598 2046 et
637 2004 892 2046 rostrumt
934 2012 1055 2045 nam
1095 2011 1220 2045 sane
1255 2002 1481 2044 rostrum
1520 1993 1822 2044 triremibus

199 2079 290 2135 est,
318 2089 375 2120 os
415 2088 521 2120 non
561 2073 681 2119 est.“
728 2068 797 2119 Et
834 2070 946 2137 ipse
985 2086 1042 2117 se
1081 2068 1222 2136 apud
1250 2068 1511 2118 neminem
1546 2074 1823 2135 poetarum

204 2163 292 2210 „os
332 2146 510 2194 navis“
553 2145 812 2212 reperisse
850 2160 1022 2210 neque
1060 2151 1167 2192 tam
1205 2142 1512 2192 insolentem
1553 2141 1822 2210 metapho-

197 2238 311 2269 ram
340 2237 607 2283 excusare,
646 2218 839 2269 nedum
868 2217 1116 2268 admirari
1143 2233 1315 2285 posset
1334 2216 1621 2284 profitetur.
1660 2215 1825 2284 Prop-

195 2302 275 2344 ter
321 2311 383 2343 ea
442 2295 595 2359 „ora“
651 2311 770 2342 cum
812 2308 940 2342 voce
995 2294 1178 2356 „aera“
1238 2297 1562 2343 commutare
1600 2289 1728 2354 vult,
1768 2296 1826 2339 ut

196 2385 349 2432 „aera
387 2370 637 2417 rostrata“
675 2366 817 2417 idem
856 2366 921 2415 sit
958 2383 1019 2422 ac
1065 2373 1264 2430 „rostra
1300 2367 1522 2428 aerata‚“
1555 2364 1640 2413 vel
1677 2371 1735 2413 ut
1770 2363 1825 2413 in

194 2443 284 2492 illo
327 2442 526 2508 Vergili
576 2440 725 2509 (Aen.
766 2440 862 2504 IX,
906 2442 1006 2489 121
1050 2447 1100 2488 et
1137 2438 1205 2503 X,
1245 2438 1397 2507 223):
1468 2438 1643 2503 „Quot
1679 2437 1824 2505 prius

195 2524 403 2566 aeratae
442 2522 689 2565 steterant
726 2515 793 2564 ad
832 2514 986 2563 litora
1023 2514 1257 2582 prorae.“
1302 2511 1490 2562 Rostra
1515 2512 1652 2562 enim
1688 2526 1824 2574 aere,

195 2591 367 2658 pergit
405 2589 685 2653 Bentleius,
726 2589 925 2638 munita
969 2588 1130 2637 fuisse
1173 2587 1499 2636 notissimum
1548 2593 1636 2650 est,
1685 2583 1825 2635 unde

197 2665 412 2716 Graecis
440 2682 599 2714 naves
625 2667 896 2731 χαλκέμβολοι
918 2662 1325 2724 „ahenirostrae“
1353 2668 1566 2711 vocatae
1593 2668 1726 2710 sunt.

308 2743 410 2803 Sed
449 2769 575 2801 num
617 2758 756 2801 recte
796 2749 861 2800 de
900 2750 1001 2799 hoc
1046 2749 1162 2799 loco
1208 2747 1518 2798 iudicaverit
1555 2747 1636 2796 vir
1675 2761 1822 2814 egre-

194 2827 327 2892 gius,
381 2843 479 2893 ego
535 2824 750 2892 quidem
803 2824 986 2874 dubito
1039 2841 1101 2873 ac
1154 2823 1383 2890 primum
1436 2820 1577 2872 haud
1629 2820 1824 2870 iniuria

194 2901 380 2951 Bosius
409 2891 625 2951 offendit
649 2900 703 2950 in
730 2898 837 2962 illo,
878 2897 1020 2966 quod
1050 2892 1402 2956 coniectando
1417 2894 1643 2947 restituit
1667 2894 1822 2944 Bent-

195 2975 326 3024 leius
361 2991 516 3039 „aera
541 2976 808 3037 rostrata‚“
844 2990 965 3023 cum
991 2971 1252 3022 vocabulo
1287 2972 1471 3037 „aera“
1505 2969 1635 3039 nihil
1662 2965 1822 3040 aliud,
