2065 3174
201 97 230 142 8

199 221 544 289 pretationem
584 218 855 281 accedere,
907 234 1066 284 quam
1112 218 1217 267 iam
1264 216 1388 268 olim
1430 216 1755 284 propositam
1773 234 1825 271 *a

201 293 459 344 Lambino
488 291 779 342 novissimis
804 289 1129 358 temporibus
1160 289 1400 341 nonnulli
1426 288 1659 340 homines
1686 288 1825 355 doeti

200 366 486 417 rectissime
524 365 650 417 mihi
689 364 983 415 defendisse
1030 364 1286 415 videntur.
1338 363 1627 417 Lambinus
1665 363 1825 431 igitur¹

203 441 344 504 dixit,
384 441 659 500 „virentem
692 438 977 498 flammam⁰
1008 455 1119 488 esse
1145 447 1468 506 perpetuam,
1504 455 1693 500 aerem,
1720 455 1825 495 non

201 515 636 581 languescentem.
701 511 1038 579 Impugnavit
1089 511 1301 578 quidem
1354 528 1467 562 eam
1521 504 1821 579 interpreta-

201 589 394 637 tionem
422 586 683 637 Bentleius
720 585 971 635 dicendo:
1026 586 1189 650 „Non,
1229 587 1272 635 si
1312 593 1451 635 aetas
1489 584 1826 635 translatione

203 680 234 712 a
280 661 450 711 vernis
489 659 709 710 floribus
757 667 965 727 sumpta
1007 659 1174 710 virere
1214 659 1351 710 belle
1390 659 1593 723 dieitur,
1630 657 1826 709 ideirco

204 735 357 785 etiam
392 734 615 799 flamma,
644 750 780 801 quae
819 742 927 783 toto
968 744 1161 801 genere
1200 733 1379 802 dispar
1416 739 1532 796 est‚“
1572 732 1661 782 sed
1701 732 1828 782 mihi

204 808 416 876 quidem
456 826 563 857 non
603 808 774 876 potuit
811 807 1145 876 persuadere.
1208 807 1344 858 Nam
1384 809 1427 857 si
1465 807 1735 876 Homerusv
1766 806 1827 856 ll.

202 882 298 945 IX,
352 884 456 931 212
514 882 688 932 dicere
736 882 907 950 potuit
943 882 1039 944 φλὸξ
1065 885 1269 946 ἐμαράνθη
1307 882 1393 931 vel
1440 879 1659 932 Ovidius
1708 878 1827 930 Met.

203 955 321 1021 VII,
361 957 469 1005 210
510 955 801 1017 ,flammam
828 955 1091 1018 hebetare,
1131 971 1225 1004 eur
1250 972 1356 1004 non
1384 954 1604 1005 Horatio
1632 954 1829 1016 „virens
1902 965 1905 967 ’

203 1031 438 1079 flamma“
478 1030 670 1079 licebat
711 1030 885 1079 dicere
925 1029 990 1078 de
1027 1029 1149 1094 igne
1187 1027 1402 1092 Aetnae,
1442 1029 1534 1094 qui
1559 1045 1827 1094 nunquam

203 1103 590 1171 exstinguitur?
656 1102 823 1168 Adde,
876 1101 1019 1170 quod
1069 1110 1279 1171 recepta
1327 1101 1550 1153 lectione
1598 1101 1829 1165 „surens“

203 1178 365 1240 idem,
419 1177 558 1244 quod
608 1179 712 1227 iam
753 1178 1035 1227 indicatum
1077 1185 1154 1226 est
1192 1178 1417 1244 epitheto
1457 1176 1728 1240 „fervida“,
1764 1177 1829 1226 εῖτ

204 1251 494 1319 gnificatur,
532 1252 757 1303 lectione
796 1260 969 1302 autem
1011 1251 1235 1313 „virens‘¹
1276 1268 1471 1302 novum
1500 1258 1657 1317 atque
1684 1266 1827 1317 egre-

204 1327 348 1393 gium
401 1325 612 1376 additur
663 1334 999 1376 momentum.
1059 1325 1209 1376 Unde
1258 1326 1386 1391 quin
1436 1324 1567 1375 illud
1619 1331 1830 1384 „urens‘f

207 1408 256 1450 et
283 1400 514 1462 „furens“
541 1400 615 1449 nil
644 1399 787 1450 aliud
814 1400 928 1463 sint,
954 1399 1055 1449 nisi
1080 1398 1286 1465 glossae
1312 1399 1570 1466 genuinae
1597 1397 1831 1455 lectionis

207 1475 447 1537 ,‚vi1·ens‘¹,
492 1492 645 1525 nemo
697 1483 825 1542 puto
866 1474 1138 1525 dubitabit.
