2065 3174
199 111 230 157 6

199 233 415 284 humani
464 231 722 299 gradatim
772 233 827 282 in
880 232 1105 283 deterius
1157 231 1395 283 labentis.
1471 231 1637 296 A'dde,
1678 231 1830 299 quod,

199 306 491 356 Meinekius
529 306 584 354 in
621 306 958 372 praefatione,
998 305 1089 355 ubi
1130 304 1196 354 de
1233 306 1334 361 hoc
1370 306 1489 356 loeo
1524 304 1829 373 disputavit,-

199 379 481 430 reetissime
529 378 918 442 animadvertit,
983 394 1168 441 „aerea
1227 378 1445 429 dehine‘.
1496 377 1818 430 reiciendum

201 469 327 517 esse,
368 453 618 519 quoniam
656 452 878 502 Horatio
926 452 1175 515 „dehinc“
1215 471 1486 520 nunquam
1526 460 1603 502 est
1640 459 1820 503 mono'-

201 526 462 593 syllabum
502 525 603 575 vid.
643 525 746 577 Sat.
785 525 826 576 I.
869 529 915 589 3,
947 528 1076 590 1043
1119 530 1165 590 5,
1195 530 1281 590 97,
1319 525 1482 595 Epist.
1510 525 1581 590 II,
1622 529 1670 590 3,
1702 529 1822 578 114.

202 599 447 651 Ceterum
486 599 628 665 quod
681 600 864 649 attinet
903 599 968 650 ad
1006 616 1189 650 vocem
1236 604 1525 667 „quorum“
1563 600 1831 651 immerito

199 681 437 722 vexatam
479 690 511 722 a
549 673 801 735 BentleiO,
841 674 1074 740 profecto
1114 691 1221 723 non
1269 674 1531 740 intellego,
1576 691 1672 723 cur
1708 682 1822 723 tan-

199 754 277 796 tas
315 745 404 796 ille
456 745 556 795 sibi
608 745 940 797 difficultates
988 748 1265 814 paraverit.
1342 746 1644 811 „Quorum“
1684 747 1847 813 enimj

200 828 378 886 aperte
416 819 750 868 referendum
791 829 867 868 est
905 820 972 869 ad
1011 821 1222 870 saecula
1259 821 1444 883 ferrea,
1485 824 1709 887 qnorum
1751 836 1820 870 ex

199 893 365 943 turbis
394 910 602 942 servare
636 893 748 942 vult
781 900 939 961 potita
977 893 1113 943 cives
1154 912 1275 944 suos
1317 893 1533 944 consilio
1558 894 1731 959 *fugae
1758 893 1823 943 ad

200 966 395 1015 insulas
436 966 725 1015 fortunatas
765 967 1049 1033 proposito.

262 1053 409 1129 XVII]
445 1102 485 1128 v.
521 1086 570 1127 21
614 1101 679 1144 sq.
715 1113 772 1118 -
808 1113 866 1119 —-
901 1112 959 1118 —
998 1113 1045 1118 —
1086 1087 1365 1130 verecundus
1400 1088 1521 1131 color

722 1148 919 1207 Reliquit
953 1165 1053 1192 ossa
1084 1149 1204 1209 pelle
1238 1149 1395 1193 amicta
1427 1149 1584 1194 lurida.

311 1260 577 1310 Bentleius
619 1262 719 1311 hoe
769 1261 887 1312 loeo
936 1262 1208 1328 destringit
1257 1261 1445 1312 servile
1493 1262 1825 1329 quorundam

200 1335 484 1401 ingenium,
525 1336 617 1400 qui
657 1335 841 1384 melius
881 1336 1046 1403 peius,
1097 1336 1211 1385 iure
1261 1337 1453 1385 iniuria
1492 1336 1699 1403 quidvis
1739 1336 1825 1385 de-

201 1408 432 1471 fendunt,
487 1409 630 1474 quod
681 1426 712 1457 a
752 1426 943 1475 magno
997 1418 1206 1459 auctore
1257 1410 1549 1476 profectum
1598 1410 1826 1460 credant.

202 1481 576 1545 „Verecundus
630 1482 819 1546 color‘.‘,
869 1483 1053 1549 inquit,
1112 1491 1188 1532 est
1237 1484 1418 1533 rubor.
1495 1483 1557 1532 Id
1611 1482 1826 1550 quidemv

202 1556 314 1604 sine
367 1557 722 1605 controversia
773 1565 863 1608 est.
916 1557 1156 1620 „Rubor“
1211 1574 1337 1623 ergo
1378 1558 1620 1623 „reliquit
1667 1560 1825 1606 ossa.“

204 1629 308 1691 Qui
359 1637 495 1697 pote,
550 1638 606 1679 ut
656 1629 830 1680 locum
883 1629 1169 1697 relinquat,
1223 1631 1315 1681 ubi
1367 1649 1637 1698 nunquam
1692 1630 1829 1680 fuit?

204 1704 333 1764 Quis
375 1704 567 1765 „rubra
606 1708 751 1753 ossa“
791 1704 875 1753 vel
913 1704 1072 1753 fando
1114 1704 1345 1754 audivit?
1398 1705 1551 1765 Quod
1592 1705 1635 1754 si
1675 1704 1828 1754 stulte

204 1776 483 1827 contendat
523 1779 797 1844 quispiam,
832 1796 946 1827 ossa
974 1779 1076 1826 vivi
1118 1779 1337 1827 hominis
1376 1779 1591 1828 rubere:
1632 1787 1684 1827 at
1711 1795 1829 1827 ossa

203 1851 426 1901 hominis
479 1853 696 1918 aegroti,
758 1853 966 1917 qualem
1020 1853 1103 1900 hic
1154 1869 1209 1901 se
1262 1852 1508 1902 describit
1557 1852 1828 1914 Horatius,

203 1925 343 1975 haud
384 1926 557 1974 minus
596 1925 803 1990 rubent,
844 1927 1048 1993 opinor,
1094 1944 1248 1992 quam
1292 1927 1419 1976 sani.
1486 1926 1688 1975 Deinde
1727 1924 1828 1975 diei

204 1999 418 2066 quidem
469 2017 622 2066 posse
672 2001 937 2050 contendit
975 2000 1149 2068 „calo-r
1188 2001 1403 2066 reliquit
1455 2005 1614 2063 ossa,⁴‘
1668 2000 1827 2050 veluti

202 2074 359 2140 Verg.
400 2073 531 2123 Aen.
570 2073 670 2123 III.
712 2077 845 2127 308:
898 2073 1157 2140 „Diriguit
1196 2075 1310 2124 visu
1348 2075 1403 2123 in
1443 2073 1635 2138 medio,
1687 2073 1829 2124 calor

204 2166 321 2198 ossa
359 2148 603 2214 reliquit“
645 2156 694 2197 et
732 2149 856 2198 ibid.
886 2147 981 2210 IX,
1019 2152 1155 2197 475:
1196 2147 1441 2212 „Subitus
1484 2149 1702 2198 miserae
1743 2165 1826 2197 ea-

202 2223 283 2273 lor
324 2239 441 2272 ossa
479 2222 734 2289 reliquit“,
763 2221 854 2272 sed
895 2240 997 2272 non
1040 2223 1213 2287 „color
1251 2223 1463 2291 reliquit
1502 2226 1661 2272 ossa.“
1711 2222 1829 2284 Qua

203 2315 260 2347 re
299 2315 398 2365 pro
440 2302 633 2361 „ossa“,
674 2297 816 2363 quod
859 2315 1035 2347 omnes
1076 2297 1281 2348 codices
1321 2298 1528 2361 habent,
1566 2298 1647 2346 vir
1685 2297 1827 2363 inge-

203 2372 380 2421 niosus
433 2375 586 2435 „ora“
641 2372 937 2439 proposuit,
1002 2372 1249 2438 quoniam
1302 2371 1467 2421 rubor
1519 2375 1670 2435 „ora“
1723 2388 1826 2421 non

206 2448 384 2509 „ossa“
423 2446 700 2511 relinquat,
741 2447 938 2513 quippe
978 2447 1030 2495 in
1072 2463 1160 2495 ore
1199 2446 1311 2495 solo
1352 2445 1526 2494 sedem
1568 2454 1619 2494 et
1656 2446 1827 2495 locum

204 2520 409 2569 habeat.
450 2521 627 2585 Atque
665 2520 800 2569 hane
840 2520 1145 2569 sententiam
1175 2520 1331 2580 variis
1369 2519 1675 2569 testimoniis
1709 2536 1827 2569 con-

204 2593 414 2642 firmare
454 2592 639 2642 studet.

317 2667 514 2717 Verum
569 2684 893 2733 quamquam
947 2667 1180 2716 Bentleio
1232 2683 1401 2734 nuper
1453 2666 1658 2716 adsensi
1709 2674 1830 2716 sunt

204 2741 484 2810 Hauptius,
522 2741 831 2805 Meinekius,
864 2741 1139 2804 Linkerus,
1179 2750 1353 2791 tamen
1379 2741 1648 2807 vulgatam
1686 2740 1830 2790 lecti-

207 2833 359 2865 onem
413 2816 693 2866 defendere
743 2833 847 2865 non
898 2816 1095 2866 dubito.
1174 2816 1433 2865 Nimirum
1473 2816 1527 2865 in
1572 2816 1673 2865 hoe
1710 2814 1828 2865 loco

206 2890 583 2958 braehyologia
636 2890 897 2956 quaedam
937 2890 1180 2953 cernitur,
1234 2906 1370 2956 quae
1420 2888 1563 2939 haud
1606 2906 1726 2939 raro
1775 2889 1830 2939 in

207 2963 321 3015 aliis
360 2964 515 3017 etiam
565 2965 907 3034 scriptoribus
957 2964 1197 3018 occurrit.
1270 2963 1407 3015 Nam
1458 2963 1501 3013 si
1544 2962 1720 3028 locum
1758 2963 1830 3013 ita
