2065 3174
189 124 228 173 ,4

197 248 428 316 perfecto
480 247 680 314 requiri
729 253 936 315 tempus
988 262 1257 314 praesens,
1304 245 1359 296 id
1397 246 1633 315 profecto
1671 243 1821 298 nihili

199 330 288 372 est.
352 321 490 372 Nam
539 321 770 388 primum
819 320 951 371 illud
1003 320 1160 384 „fuit“
1219 321 1397 371 aoristi
1446 321 1625 388 graeci
1674 328 1821 372 more

187 391 426 463 ‘positum
466 401 543 445 est
580 394 667 454 ita,
718 401 776 443 ut
812 410 918 444 non
956 393 1180 444 multum
1221 385 1487 445 diversum
1524 394 1592 446 sit
1629 411 1661 445 a
1697 394 1817 445 sim-

197 469 323 538 plici
368 471 525 534 „est“;
578 467 767 518 deinde
819 468 946 535 quid
984 476 1146 533 vetat,
1197 485 1264 519 ne
1310 486 1610 537 „nunquam
1657 467 1815 519 seris“

197 544 601 612 interpretemur
659 541 783 610 „qui
832 559 1106 610 nunquam
1166 543 1436 607 fuerunt“,
1501 543 1544 593 si
1602 541 1820 594 eandem
1884 583 1887 587 .

199 618 322 669 huic
359 617 523 667 verbo
577 633 714 683 quae
765 624 843 667 est
891 617 946 666 in
999 618 1271 685 superiore
1326 618 1483 682 „fuit“
1542 617 1821 680 tribuimus

201 690 634 759 significationem
649 692 673 740 ’.Ρ

260 813 317 858 Χ.
351 830 391 856 v.
427 814 467 857 7.
500 829 565 872 sq.
598 812 809 871 Insurgat
839 812 1024 872 Aquilo,
1060 820 1250 872 quantus
1284 813 1386 858 altis
1419 813 1640 858 montibus

673 874 863 932 Frangit
893 883 1134 919 trementes
1167 875 1309 919 ilices,

311 987 577 1039 Bentleius
630 988 698 1038 ad
736 989 878 1039 hunc
928 989 1103 1039 locum
1154 990 1209 1038 in
1257 989 1644 1040 commentariis
1695 990 1826 1038 haec

201 1062 495 1114 adnotavit:
541 1061 835 1130 „Equidem
881 1063 1095 1128 „vertit“
1140 1063 1226 1114 vel
1259 1063 1498 1129 „sternit“
1531 1059 1619 1114 ¹vel
1657 1062 1825 1113 simile

204 1136 331 1205 quid
372 1137 622 1187 dixissem
660 1138 849 1205 potius,
889 1155 1048 1204 quam
1088 1138 1168 1188 bis
1210 1137 1293 1205 (cf.
1327 1157 1376 1188 v.
1405 1142 1436 1189 6
1473 1138 1855 1205 „Fractusque

201 1230 373 1263 remos
395 1211 659 1280 differat“)
681 1213 1004 1263 continenter
1030 1212 1170 1264 idem
1190 1212 1412 1263 verbum
1438 1212 1825 1264 inculcassem.“

313 1286 490 1353 Atque
528 1281 713 1336 eadem
741 1287 890 1336 verbi
929 1287 1232 1352 „frangere“
1272 1287 1511 1354 repetitio
1553 1285 1827 1337 offensioni

203 1360 301 1409 fuit
337 1359 698 1423 Wakefieldio,
739 1361 831 1426 qui
868 1378 966 1427 pro
1006 1360 1257 1426 „frangit“
1295 1360 1518 1410 coniecit
1553 1359 1827 1428 ,‚plangit“,

203 1441 476 1502 receptum
514 1432 646 1483 illud
674 1450 706 1483 a
731 1433 919 1484 Bothio
957 1434 1011 1483 in
1044 1433 1271 1484 editione
1309 1451 1419 1484 sua.
1458 1433 1656 1484 Verum
1683 1433 1827 1500 equi-

204 1508 323 1558 dem
361 1526 469 1558 non
508 1507 733 1557 multum
766 1508 1042 1557 tribuerim
1082 1508 1194 1557 eius
1242 1507 1385 1556 modi
1423 1506 1826 1557 animadversio-

204 1581 373 1645 nibus,
413 1580 506 1631 sed
549 1581 604 1631 in
655 1580 878 1632 lectione
928 1588 1139 1650 recepta
1191 1581 1402 1632 omnino
1455 1580 1826 1649 quiescendum

206 1656 460 1706 existimo.
524 1654 734 1706 Etenim
774 1665 865 1705 aut
901 1656 1221 1723 imprudenti
1259 1655 1452 1706 excidit
1489 1655 1621 1706 illud
1659 1655 1829 1706 Hora-

203 1730 292 1793 tio,
344 1730 413 1791 id,
467 1729 610 1797 quod
662 1729 933 1797 permultis
974 1746 1038 1778 ex
1079 1730 1321 1780 omnibus
1360 1730 1703 1798 scriptoribus
1743 1728 1830 1779 de-

203 1804 460 1871 promptis
500 1804 753 1870 exemplis
791 1804 1125 1871 comprobari
1162 1812 1333 1871 potest
1371 1811 1462 1852 aut
1498 1803 1829 1853 statuendum

205 1885 295 1941 est,
336 1894 456 1927 cum
495 1877 549 1926 in
588 1877 688 1927 hoc
727 1877 974 1941 carmine,
1025 1884 1084 1926 ut
1119 1877 1172 1927 in
1212 1877 1457 1928 omnibus
1496 1877 1608 1927 fere
1647 1876 1833 1927 Horati

209 1952 530 2001 carminibus
572 1960 820 2017 quattuor
857 1968 1039 2001 versus
1092 1969 1250 2000 unam
1290 1951 1518 2002 efficiant
1565 1951 1833 2018 stropham

207 2033 258 2074 et
295 2042 478 2075 versus
520 2025 650 2074 alter
675 2025 852 2074 versui
892 2032 1079 2091 quarto
1106 2024 1435 2092 respondeat,
1461 2024 1739 2075 Horatium
1777 2023 1832 2073 in

205 2099 352 2149 initio
393 2099 668 2160 amborum
712 2116 959 2149 versuum
1006 2099 1143 2149 idem
1185 2099 1405 2149 verbum
1455 2117 1574 2150 cum
1615 2099 1666 2148 vi
1705 2115 1832 2164 qua-

208 2172 329 2224 dam
367 2173 620 2242 posuisse.

269 2295 384 2339 Ibid.
419 2312 457 2337 V.
493 2295 549 2338 21
587 2311 651 2353 sq.
686 2294 849 2355 Opima
883 2296 1041 2353 quodsi
1074 2296 1240 2355 praeda
1273 2311 1407 2339 curvo
1442 2296 1572 2340 litore

759 2357 972 2403 Porrecto.
1004 2373 1180 2417 mergos
1213 2358 1391 2403 iuveris.

323 2471 690 2537 „Porrect11n1“
730 2480 909 2525 nostro
948 2472 1065 2525 loco
1115 2481 1192 2525 est
1230 2481 1529 2539 „extentum
1573 2473 1836 2542 longeque

211 2551 474 2595 stratum.“
523 2547 626 2596 Sed
667 2548 946 2610 Bentleius‚
987 2548 1078 2613 qui
1117 2549 1217 2597 hoc
1255 2549 1309 2596 in
1346 2549 1464 2597 loco
1506 2548 1733 2610 offendit,
1759 2549 1836 2597 in-

210 2628 468 2689 terrogat:
508 2620 679 2686 „Quid
706 2639 1007 2688 mergorum
1034 2622 1296 2686 intererat,
1323 2630 1498 2673 utrum
1525 2624 1837 2687 ,‚extentus“,

212 2712 278 2744 an
317 2697 622 2746 incurvatus
663 2704 714 2745 et
752 2695 964 2763 quidem
1007 2696 1307 2765 quadrupes
1357 2696 1662 2748 constrictus
1701 2696 1836 2747 iace-

211 2771 329 2820 ret?
396 2772 529 2821 Nam
570 2780 871 2838 utcumque,
913 2772 1112 2839 opinor,
1154 2772 1309 2838 positi
1350 2772 1617 2822 cadaveris
1656 2772 1838 2822 rimari

214 2852 264 2893 et
300 2845 533 2894 lacerare
572 2845 776 2895 viscera
812 2849 1141 2913 potuerunt.“
1190 2845 1362 2907 Quam
1402 2845 1470 2896 ob
1509 2862 1621 2896 rem
1647 2845 1840 2897 reiecta

211 2918 433 2969 lectione
473 2923 773 2986 „porrecta“
813 2920 985 2986 potius
1026 2920 1316 2987 „proiecta“
1357 2920 1423 2969 ab
1463 2920 1578 2988 ipso
1615 2919 1837 2970 Horatio

214 2992 506 3059 profectum
547 3010 658 3043 esse
697 2993 873 3044 multis
915 2994 1165 3062 exemplis
1205 2993 1440 3061 undique
1473 2994 1672 3046 collatis
1699 3011 1838 3045 com-
