<?xml version="1.0" encoding="UTF-8"?>
<!DOCTYPE html PUBLIC "-//W3C//DTD XHTML 1.0 Transitional//EN"
    "http://www.w3.org/TR/xhtml1/DTD/xhtml1-transitional.dtd">
<html xmlns="http://www.w3.org/1999/xhtml" xml:lang="en" lang="en">
 <head>
  <title>
</title>
<meta http-equiv="Content-Type" content="text/html;charset=utf-8" />
  <meta name='ocr-system' content='tesseract 3.04.00' />
  <meta name='ocr-capabilities' content='ocr_page ocr_carea ocr_par ocr_line ocrx_word'/>
</head>
<body>
  <div class='ocr_page' id='page_1' title='image "4738111_0011.png"; bbox 0 0 2065 3174; ppageno 0'>
   <div class='ocr_carea' id='block_1_1' title="bbox 0 0 156 50">
    <p class='ocr_par' dir='ltr' id='par_1_1' title="bbox 0 0 156 50">
     <span class='ocr_line' id='line_1_1' title="bbox 0 0 156 50; baseline 0 3124"><span class='ocrx_word' id='word_1_1' title='bbox 0 0 156 50; x_wconf 95' lang='lat' dir='ltr'><strong> </strong></span> 
     </span>
    </p>
   </div>
   <div class='ocr_carea' id='block_1_2' title="bbox 542 539 1395 607">
    <p class='ocr_par' dir='ltr' id='par_1_2' title="bbox 542 539 1395 607">
     <span class='ocr_line' id='line_1_2' title="bbox 542 539 1395 607; baseline -0.002 -8"><span class='ocrx_word' id='word_1_2' title='bbox 542 540 1035 599; x_wconf 83' lang='lat' dir='ltr'><strong>CONIECTURAS</strong></span> <span class='ocrx_word' id='word_1_3' title='bbox 1084 539 1395 607; x_wconf 74' lang='lat' dir='ltr'>ALIQUOT</span> 
     </span>
    </p>
   </div>
   <div class='ocr_carea' id='block_1_3' title="bbox 161 645 1775 806">
    <p class='ocr_par' dir='ltr' id='par_1_3' title="bbox 161 645 1775 806">
     <span class='ocr_line' id='line_1_3' title="bbox 161 645 1775 721; baseline -0.003 -16"><span class='ocrx_word' id='word_1_4' title='bbox 161 669 191 706; x_wconf 82' lang='lat' dir='ltr'><strong>a</strong></span> <span class='ocrx_word' id='word_1_5' title='bbox 231 649 468 721; x_wconf 69' lang='lat' dir='ltr'><strong>Ricardo</strong></span> <span class='ocrx_word' id='word_1_6' title='bbox 508 645 755 702; x_wconf 81' lang='lat' dir='ltr'><strong>Bentleio</strong></span> <span class='ocrx_word' id='word_1_7' title='bbox 794 645 850 699; x_wconf 88' lang='lat' dir='ltr'><strong>in</strong></span> <span class='ocrx_word' id='word_1_8' title='bbox 890 645 1081 700; x_wconf 79' lang='lat' dir='ltr'><strong>Horati</strong></span> <span class='ocrx_word' id='word_1_9' title='bbox 1117 645 1347 716; x_wconf 87' lang='lat' dir='ltr'><strong>Epodon</strong></span> <span class='ocrx_word' id='word_1_10' title='bbox 1401 646 1596 701; x_wconf 84' lang='lat' dir='ltr'><strong>librum</strong></span> <span class='ocrx_word' id='word_1_11' title='bbox 1641 662 1775 717; x_wconf 83' lang='lat' dir='ltr'><strong>pro-</strong></span> 
     </span>
     <span class='ocr_line' id='line_1_4' title="bbox 860 736 1075 806; baseline -0.005 -15"><span class='ocrx_word' id='word_1_12' title='bbox 860 736 1075 806; x_wconf 84' lang='lat' dir='ltr'><strong>positas</strong></span> 
     </span>
    </p>
   </div>
   <div class='ocr_carea' id='block_1_4' title="bbox 770 837 1154 882">
    <p class='ocr_par' dir='ltr' id='par_1_4' title="bbox 770 837 1154 882">
     <span class='ocr_line' id='line_1_5' title="bbox 770 837 1154 882; baseline -0.005 0"><span class='ocrx_word' id='word_1_13' title='bbox 770 837 1154 882; x_wconf 79' lang='lat' dir='ltr'><strong>examinavit</strong></span> 
     </span>
    </p>
   </div>
   <div class='ocr_carea' id='block_1_5' title="bbox 549 928 1388 987">
    <p class='ocr_par' dir='ltr' id='par_1_5' title="bbox 549 928 1388 987">
     <span class='ocr_line' id='line_1_6' title="bbox 549 928 1388 987; baseline -0.001 -1"><span class='ocrx_word' id='word_1_14' title='bbox 549 931 580 987; x_wconf 87' lang='lat' dir='ltr'><strong>J</strong></span> <span class='ocrx_word' id='word_1_15' title='bbox 581 928 848 986; x_wconf 73' lang='lat' dir='ltr'>OSEPHUS</span> <span class='ocrx_word' id='word_1_16' title='bbox 894 929 1388 985; x_wconf 69' lang='lat' dir='ltr'><strong>GUGGENBERGER.</strong></span> 
     </span>
    </p>
   </div>
   <div class='ocr_carea' id='block_1_6' title="bbox 824 1077 1117 1082">
    <p class='ocr_par' dir='ltr' id='par_1_6' title="bbox 824 1077 1117 1082">
     <span class='ocr_line' id='line_1_7' title="bbox 824 1077 1117 1082; baseline 0 0"><span class='ocrx_word' id='word_1_17' title='bbox 824 1077 1117 1082; x_wconf 95' lang='lat' dir='ltr'><strong> </strong></span> 
     </span>
    </p>
   </div>
   <div class='ocr_carea' id='block_1_7' title="bbox 165 1201 1782 1872">
    <p class='ocr_par' dir='ltr' id='par_1_7' title="bbox 165 1201 1782 1872">
     <span class='ocr_line' id='line_1_8' title="bbox 289 1201 1777 1279; baseline -0.001 -16"><span class='ocrx_word' id='word_1_18' title='bbox 289 1201 431 1263; x_wconf 71' lang='lat' dir='ltr'><strong>&#39;nter</strong></span> <span class='ocrx_word' id='word_1_19' title='bbox 470 1230 686 1279; x_wconf 83' lang='lat' dir='ltr'><strong>magnos</strong></span> <span class='ocrx_word' id='word_1_20' title='bbox 726 1213 842 1262; x_wconf 94' lang='lat' dir='ltr'><strong>illos</strong></span> <span class='ocrx_word' id='word_1_21' title='bbox 867 1213 1190 1279; x_wconf 80' lang='lat' dir='ltr'><strong>philologos,</strong></span> <span class='ocrx_word' id='word_1_22' title='bbox 1210 1213 1301 1277; x_wconf 91' lang='lat' dir='ltr'><strong>qui</strong></span> <span class='ocrx_word' id='word_1_23' title='bbox 1338 1212 1547 1262; x_wconf 91' lang='lat' dir='ltr'><strong>saeculo</strong></span> <span class='ocrx_word' id='word_1_24' title='bbox 1576 1212 1777 1262; x_wconf 90' lang='lat' dir='ltr'><strong>decimo</strong></span> 
     </span>
     <span class='ocr_line' id='line_1_9' title="bbox 166 1284 1777 1354; baseline -0.001 -18"><span class='ocrx_word' id='word_1_25' title='bbox 166 1293 348 1337; x_wconf 84' lang='lat' dir='ltr'><strong>octavo</strong></span> <span class='ocrx_word' id='word_1_26' title='bbox 389 1285 769 1349; x_wconf 75' lang='lat' dir='ltr'><strong>excelluerunt,</strong></span> <span class='ocrx_word' id='word_1_27' title='bbox 807 1293 1074 1353; x_wconf 90' lang='lat' dir='ltr'><strong>tamquam</strong></span> <span class='ocrx_word' id='word_1_28' title='bbox 1115 1284 1258 1335; x_wconf 89' lang='lat' dir='ltr'><strong>sidus</strong></span> <span class='ocrx_word' id='word_1_29' title='bbox 1299 1285 1499 1335; x_wconf 89' lang='lat' dir='ltr'><strong>clarum</strong></span> <span class='ocrx_word' id='word_1_30' title='bbox 1538 1285 1777 1354; x_wconf 85' lang='lat' dir='ltr'><strong>splendet</strong></span> 
     </span>
     <span class='ocr_line' id='line_1_10' title="bbox 169 1358 1779 1426; baseline -0.001 -16"><span class='ocrx_word' id='word_1_31' title='bbox 169 1361 364 1410; x_wconf 87' lang='lat' dir='ltr'><strong>Bentlei</strong></span> <span class='ocrx_word' id='word_1_32' title='bbox 403 1377 613 1422; x_wconf 89' lang='lat' dir='ltr'><strong>nomen,</strong></span> <span class='ocrx_word' id='word_1_33' title='bbox 663 1360 754 1426; x_wconf 90' lang='lat' dir='ltr'><strong>qui</strong></span> <span class='ocrx_word' id='word_1_34' title='bbox 805 1358 1092 1409; x_wconf 88' lang='lat' dir='ltr'><strong>litterarum</strong></span> <span class='ocrx_word' id='word_1_35' title='bbox 1146 1360 1481 1425; x_wconf 87' lang='lat' dir='ltr'><strong>antiquarum</strong></span> <span class='ocrx_word' id='word_1_36' title='bbox 1519 1359 1690 1409; x_wconf 87' lang='lat' dir='ltr'><strong>studia</strong></span> <span class='ocrx_word' id='word_1_37' title='bbox 1729 1369 1779 1410; x_wconf 89' lang='lat' dir='ltr'><strong>et</strong></span> 
     </span>
     <span class='ocr_line' id='line_1_11' title="bbox 165 1432 1779 1502; baseline -0.001 -17"><span class='ocrx_word' id='word_1_38' title='bbox 165 1436 215 1485; x_wconf 92' lang='lat' dir='ltr'><strong>in</strong></span> <span class='ocrx_word' id='word_1_39' title='bbox 257 1451 372 1484; x_wconf 90' lang='lat' dir='ltr'><strong>eam</strong></span> <span class='ocrx_word' id='word_1_40' title='bbox 411 1433 627 1485; x_wconf 88' lang='lat' dir='ltr'><strong>deduxit</strong></span> <span class='ocrx_word' id='word_1_41' title='bbox 664 1435 824 1497; x_wconf 87' lang='lat' dir='ltr'><strong>viam,</strong></span> <span class='ocrx_word' id='word_1_42' title='bbox 873 1451 977 1501; x_wconf 91' lang='lat' dir='ltr'><strong>qua</strong></span> <span class='ocrx_word' id='word_1_43' title='bbox 1015 1432 1263 1502; x_wconf 84' lang='lat' dir='ltr'>progredi</span> <span class='ocrx_word' id='word_1_44' title='bbox 1304 1441 1509 1501; x_wconf 79' lang='lat' dir='ltr'>oportet</span> <span class='ocrx_word' id='word_1_45' title='bbox 1547 1434 1779 1485; x_wconf 87' lang='lat' dir='ltr'><strong>eruditae</strong></span> 
     </span>
     <span class='ocr_line' id='line_1_12' title="bbox 166 1508 1777 1576; baseline -0.001 -17"><span class='ocrx_word' id='word_1_46' title='bbox 166 1509 486 1576; x_wconf 80' lang='lat' dir='ltr'><strong>antiquitatis</strong></span> <span class='ocrx_word' id='word_1_47' title='bbox 526 1508 783 1559; x_wconf 87' lang='lat' dir='ltr'><strong>studiosos</strong></span> <span class='ocrx_word' id='word_1_48' title='bbox 810 1517 861 1558; x_wconf 89' lang='lat' dir='ltr'><strong>et</strong></span> <span class='ocrx_word' id='word_1_49' title='bbox 887 1508 1165 1575; x_wconf 82' lang='lat' dir='ltr'><strong>diligenter</strong></span> <span class='ocrx_word' id='word_1_50' title='bbox 1204 1508 1569 1576; x_wconf 80' lang='lat' dir='ltr'><strong>subtiliterque</strong></span> <span class='ocrx_word' id='word_1_51' title='bbox 1607 1510 1777 1575; x_wconf 86' lang='lat' dir='ltr'><strong>inqui-</strong></span> 
     </span>
     <span class='ocr_line' id='line_1_13' title="bbox 168 1582 1778 1652; baseline 0 -18"><span class='ocrx_word' id='word_1_52' title='bbox 168 1583 331 1634; x_wconf 88' lang='lat' dir='ltr'><strong>rendo</strong></span> <span class='ocrx_word' id='word_1_53' title='bbox 372 1583 560 1634; x_wconf 89' lang='lat' dir='ltr'><strong>mirum</strong></span> <span class='ocrx_word' id='word_1_54' title='bbox 603 1591 856 1650; x_wconf 89' lang='lat' dir='ltr'><strong>quantum</strong></span> <span class='ocrx_word' id='word_1_55' title='bbox 896 1582 1230 1652; x_wconf 87' lang='lat' dir='ltr'><strong>amplificavit</strong></span> <span class='ocrx_word' id='word_1_56' title='bbox 1267 1590 1425 1649; x_wconf 89' lang='lat' dir='ltr'><strong>atque</strong></span> <span class='ocrx_word' id='word_1_57' title='bbox 1464 1583 1622 1634; x_wconf 87' lang='lat' dir='ltr'><strong>auxit.</strong></span> <span class='ocrx_word' id='word_1_58' title='bbox 1661 1582 1778 1634; x_wconf 89' lang='lat' dir='ltr'><strong>Ete-</strong></span> 
     </span>
     <span class='ocr_line' id='line_1_14' title="bbox 169 1656 1780 1723; baseline -0.001 -16"><span class='ocrx_word' id='word_1_59' title='bbox 169 1659 273 1707; x_wconf 88' lang='lat' dir='ltr'><strong>nim</strong></span> <span class='ocrx_word' id='word_1_60' title='bbox 315 1675 432 1708; x_wconf 87' lang='lat' dir='ltr'><strong>cum</strong></span> <span class='ocrx_word' id='word_1_61' title='bbox 471 1659 574 1707; x_wconf 88' lang='lat' dir='ltr'><strong>iam</strong></span> <span class='ocrx_word' id='word_1_62' title='bbox 614 1657 917 1708; x_wconf 80' lang='lat' dir='ltr'><strong>adulescens</strong></span> <span class='ocrx_word' id='word_1_63' title='bbox 957 1657 1022 1723; x_wconf 87' lang='lat' dir='ltr'><strong>(a.</strong></span> <span class='ocrx_word' id='word_1_64' title='bbox 1057 1656 1217 1723; x_wconf 84' lang='lat'>1691)</span> <span class='ocrx_word' id='word_1_65' title='bbox 1256 1658 1309 1705; x_wconf 92' lang='lat' dir='ltr'><strong>in</strong></span> <span class='ocrx_word' id='word_1_66' title='bbox 1351 1658 1586 1723; x_wconf 89' lang='lat' dir='ltr'><strong>epistula,</strong></span> <span class='ocrx_word' id='word_1_67' title='bbox 1623 1675 1780 1723; x_wconf 88' lang='lat' dir='ltr'><strong>quam</strong></span> 
     </span>
     <span class='ocr_line' id='line_1_15' title="bbox 170 1730 1782 1799; baseline 0 -18"><span class='ocrx_word' id='word_1_68' title='bbox 170 1731 234 1781; x_wconf 91' lang='lat' dir='ltr'><strong>ad</strong></span> <span class='ocrx_word' id='word_1_69' title='bbox 273 1731 498 1781; x_wconf 91' lang='lat' dir='ltr'><strong>Millium</strong></span> <span class='ocrx_word' id='word_1_70' title='bbox 548 1731 700 1795; x_wconf 86' lang='lat' dir='ltr'><strong>misit,</strong></span> <span class='ocrx_word' id='word_1_71' title='bbox 750 1739 800 1781; x_wconf 90' lang='lat' dir='ltr'><strong>et</strong></span> <span class='ocrx_word' id='word_1_72' title='bbox 849 1731 1043 1797; x_wconf 81' lang='lat' dir='ltr'><strong>ingenii</strong></span> <span class='ocrx_word' id='word_1_73' title='bbox 1095 1739 1145 1780; x_wconf 82' lang='lat' dir='ltr'><strong>et</strong></span> <span class='ocrx_word' id='word_1_74' title='bbox 1196 1730 1480 1781; x_wconf 89' lang='lat' dir='ltr'><strong>doctrinae·</strong></span> <span class='ocrx_word' id='word_1_75' title='bbox 1511 1731 1782 1799; x_wconf 87' lang='lat' dir='ltr'><strong>praeclara</strong></span> 
     </span>
     <span class='ocr_line' id='line_1_16' title="bbox 171 1804 1780 1872; baseline 0.001 -19"><span class='ocrx_word' id='word_1_76' title='bbox 171 1804 412 1855; x_wconf 80' lang='lat' dir='ltr'><strong>edidisset</strong></span> <span class='ocrx_word' id='word_1_77' title='bbox 450 1805 776 1869; x_wconf 90' lang='lat' dir='ltr'><strong>documenta,</strong></span> <span class='ocrx_word' id='word_1_78' title='bbox 815 1823 936 1854; x_wconf 85' lang='lat' dir='ltr'><strong>mox</strong></span> <span class='ocrx_word' id='word_1_79' title='bbox 976 1804 1030 1853; x_wconf 91' lang='lat' dir='ltr'><strong>in</strong></span> <span class='ocrx_word' id='word_1_80' title='bbox 1071 1805 1393 1854; x_wconf 88' lang='lat' dir='ltr'><strong>orationibus</strong></span> <span class='ocrx_word' id='word_1_81' title='bbox 1434 1806 1608 1869; x_wconf 88' lang='lat' dir='ltr'><strong>sacris,</strong></span> <span class='ocrx_word' id='word_1_82' title='bbox 1650 1822 1780 1872; x_wconf 88' lang='lat' dir='ltr'><strong>quas</strong></span> 
     </span>
    </p>
   </div>
   <div class='ocr_carea' id='block_1_8' title="bbox 168 1878 1870 1946">
    <p class='ocr_par' dir='ltr' id='par_1_8' title="bbox 168 1878 1870 1946">
     <span class='ocr_line' id='line_1_17' title="bbox 168 1878 1870 1946; baseline 0 -18"><span class='ocrx_word' id='word_1_83' title='bbox 168 1879 323 1929; x_wconf 89' lang='lat' dir='ltr'><strong>turba</strong></span> <span class='ocrx_word' id='word_1_84' title='bbox 375 1879 606 1946; x_wconf 90' lang='lat' dir='ltr'><strong>undique</strong></span> <span class='ocrx_word' id='word_1_85' title='bbox 657 1879 948 1930; x_wconf 90' lang='lat' dir='ltr'><strong>confluente</strong></span> <span class='ocrx_word' id='word_1_86' title='bbox 998 1879 1199 1941; x_wconf 88' lang='lat' dir='ltr'><strong>habuit,</strong></span> <span class='ocrx_word' id='word_1_87' title='bbox 1265 1879 1508 1927; x_wconf 87' lang='lat' dir='ltr'><strong>eximiam</strong></span> <span class='ocrx_word' id='word_1_88' title='bbox 1560 1878 1783 1928; x_wconf 87' lang='lat' dir='ltr'><strong>ostendit</strong></span> <span class='ocrx_word' id='word_1_89' title='bbox 1868 1915 1870 1918; x_wconf 89' lang='lat'>-</span> 
     </span>
    </p>
   </div>
   <div class='ocr_carea' id='block_1_9' title="bbox 168 1951 1806 3116">
    <p class='ocr_par' dir='ltr' id='par_1_9' title="bbox 168 1951 1806 2908">
     <span class='ocr_line' id='line_1_18' title="bbox 168 1951 1781 2021; baseline 0 -19"><span class='ocrx_word' id='word_1_90' title='bbox 168 1952 528 2021; x_wconf 87' lang='lat' dir='ltr'><strong>philosophiae</strong></span> <span class='ocrx_word' id='word_1_91' title='bbox 567 1954 810 2020; x_wconf 88' lang='lat' dir='ltr'><strong>antiquae</strong></span> <span class='ocrx_word' id='word_1_92' title='bbox 849 1953 1130 2003; x_wconf 88' lang='lat' dir='ltr'><strong>scientiam.</strong></span> <span class='ocrx_word' id='word_1_93' title='bbox 1207 1951 1409 2002; x_wconf 86' lang='lat' dir='ltr'><strong>Deinde</strong></span> <span class='ocrx_word' id='word_1_94' title='bbox 1448 1971 1566 2003; x_wconf 88' lang='lat' dir='ltr'><strong>cum</strong></span> <span class='ocrx_word' id='word_1_95' title='bbox 1618 1952 1781 2003; x_wconf 78' lang='lat' dir='ltr'><strong>Grae-</strong></span> 
     </span>
     <span class='ocr_line' id='line_1_19' title="bbox 170 2026 1780 2094; baseline 0.002 -21"><span class='ocrx_word' id='word_1_96' title='bbox 170 2027 282 2076; x_wconf 89' lang='lat' dir='ltr'><strong>vius</strong></span> <span class='ocrx_word' id='word_1_97' title='bbox 323 2026 702 2077; x_wconf 84' lang='lat' dir='ltr'><strong>Callimachum</strong></span> <span class='ocrx_word' id='word_1_98' title='bbox 743 2026 1000 2077; x_wconf 88' lang='lat' dir='ltr'><strong>edendum</strong></span> <span class='ocrx_word' id='word_1_99' title='bbox 1044 2027 1366 2093; x_wconf 85' lang='lat' dir='ltr'><strong>suscepisset,</strong></span> <span class='ocrx_word' id='word_1_100' title='bbox 1407 2028 1601 2094; x_wconf 91' lang='lat' dir='ltr'><strong>optime</strong></span> <span class='ocrx_word' id='word_1_101' title='bbox 1627 2028 1780 2076; x_wconf 91' lang='lat' dir='ltr'><strong>meri-</strong></span> 
     </span>
     <span class='ocr_line' id='line_1_20' title="bbox 168 2100 1780 2169; baseline 0.002 -21"><span class='ocrx_word' id='word_1_102' title='bbox 168 2107 250 2149; x_wconf 91' lang='lat' dir='ltr'><strong>tus</strong></span> <span class='ocrx_word' id='word_1_103' title='bbox 289 2109 366 2151; x_wconf 90' lang='lat' dir='ltr'><strong>est</strong></span> <span class='ocrx_word' id='word_1_104' title='bbox 402 2101 667 2154; x_wconf 89' lang='lat' dir='ltr'><strong>Bentleius</strong></span> <span class='ocrx_word' id='word_1_105' title='bbox 707 2100 772 2151; x_wconf 91' lang='lat' dir='ltr'><strong>de</strong></span> <span class='ocrx_word' id='word_1_106' title='bbox 809 2107 964 2169; x_wconf 80' lang='lat' dir='ltr'><strong>po&#39;eta</strong></span> <span class='ocrx_word' id='word_1_107' title='bbox 1002 2100 1092 2150; x_wconf 92' lang='lat' dir='ltr'><strong>illo</strong></span> <span class='ocrx_word' id='word_1_108' title='bbox 1132 2100 1449 2167; x_wconf 86' lang='lat' dir='ltr'><strong>fragmentis,</strong></span> <span class='ocrx_word' id='word_1_109' title='bbox 1492 2118 1626 2168; x_wconf 90' lang='lat' dir='ltr'><strong>quae</strong></span> <span class='ocrx_word' id='word_1_110' title='bbox 1652 2119 1780 2151; x_wconf 90' lang='lat' dir='ltr'><strong>non-</strong></span> 
     </span>
     <span class='ocr_line' id='line_1_21' title="bbox 171 2173 1781 2242; baseline 0.002 -20"><span class='ocrx_word' id='word_1_111' title='bbox 171 2173 294 2223; x_wconf 88' lang='lat' dir='ltr'><strong>dum</strong></span> <span class='ocrx_word' id='word_1_112' title='bbox 323 2175 539 2226; x_wconf 90' lang='lat' dir='ltr'><strong>collecta</strong></span> <span class='ocrx_word' id='word_1_113' title='bbox 577 2184 737 2239; x_wconf 87' lang='lat' dir='ltr'><strong>erant,</strong></span> <span class='ocrx_word' id='word_1_114' title='bbox 777 2174 1008 2242; x_wconf 90' lang='lat' dir='ltr'><strong>undique</strong></span> <span class='ocrx_word' id='word_1_115' title='bbox 1048 2175 1318 2241; x_wconf 88' lang='lat' dir='ltr'><strong>congestis.</strong></span> <span class='ocrx_word' id='word_1_116' title='bbox 1384 2175 1557 2242; x_wconf 90' lang='lat' dir='ltr'><strong>Atque</strong></span> <span class='ocrx_word' id='word_1_117' title='bbox 1597 2175 1781 2228; x_wconf 92' lang='lat' dir='ltr'><strong>eodem</strong></span> 
     </span>
     <span class='ocr_line' id='line_1_22' title="bbox 170 2248 1781 2317; baseline 0.001 -21"><span class='ocrx_word' id='word_1_118' title='bbox 170 2264 305 2297; x_wconf 85' lang='lat' dir='ltr'><strong>anno</strong></span> <span class='ocrx_word' id='word_1_119' title='bbox 349 2249 535 2317; x_wconf 76' lang='lat'>(1697)</span> <span class='ocrx_word' id='word_1_120' title='bbox 577 2250 1032 2299; x_wconf 86' lang='lat' dir='ltr'><strong>commentationes</strong></span> <span class='ocrx_word' id='word_1_121' title='bbox 1070 2248 1504 2298; x_wconf 87' lang='lat' dir='ltr'><strong>luculentissimas</strong></span> <span class='ocrx_word' id='word_1_122' title='bbox 1558 2250 1781 2299; x_wconf 90' lang='lat' dir='ltr'><strong>conscri-</strong></span> 
     </span>
     <span class='ocr_line' id='line_1_23' title="bbox 170 2321 1806 2391; baseline 0.002 -22"><span class='ocrx_word' id='word_1_123' title='bbox 170 2321 271 2387; x_wconf 92' lang='lat' dir='ltr'><strong>psit</strong></span> <span class='ocrx_word' id='word_1_124' title='bbox 308 2321 373 2371; x_wconf 90' lang='lat' dir='ltr'><strong>de</strong></span> <span class='ocrx_word' id='word_1_125' title='bbox 414 2323 647 2391; x_wconf 86' lang='lat' dir='ltr'><strong>epistulis</strong></span> <span class='ocrx_word' id='word_1_126' title='bbox 673 2322 832 2390; x_wconf 85' lang='lat' dir='ltr'><strong>vulgo</strong></span> <span class='ocrx_word' id='word_1_127' title='bbox 873 2321 1150 2385; x_wconf 89' lang='lat' dir='ltr'><strong>Phalaridi,</strong></span> <span class='ocrx_word' id='word_1_128' title='bbox 1188 2321 1523 2373; x_wconf 82' lang='lat' dir='ltr'><strong>Themistocli</strong></span> <span class='ocrx_word' id='word_1_129' title='bbox 1562 2323 1806 2390; x_wconf 90' lang='lat' dir='ltr'><strong>aliisque·</strong></span> 
     </span>
     <span class='ocr_line' id='line_1_24' title="bbox 169 2394 1782 2463; baseline 0.002 -21"><span class='ocrx_word' id='word_1_130' title='bbox 169 2394 389 2458; x_wconf 86' lang='lat' dir='ltr'><strong>tributis,</strong></span> <span class='ocrx_word' id='word_1_131' title='bbox 442 2398 634 2463; x_wconf 88' lang='lat' dir='ltr'><strong>quibus</strong></span> <span class='ocrx_word' id='word_1_132' title='bbox 675 2415 760 2447; x_wconf 88' lang='lat' dir='ltr'><strong>eas</strong></span> <span class='ocrx_word' id='word_1_133' title='bbox 800 2397 865 2446; x_wconf 89' lang='lat' dir='ltr'><strong>ab</strong></span> <span class='ocrx_word' id='word_1_134' title='bbox 913 2396 1211 2446; x_wconf 89' lang='lat' dir='ltr'><strong>hominibus</strong></span> <span class='ocrx_word' id='word_1_135' title='bbox 1258 2396 1603 2447; x_wconf 84' lang='lat' dir='ltr'><strong>fraudulentis</strong></span> <span class='ocrx_word' id='word_1_136' title='bbox 1654 2397 1782 2446; x_wconf 88' lang='lat' dir='ltr'><strong>infe-</strong></span> 
     </span>
     <span class='ocr_line' id='line_1_25' title="bbox 170 2467 1784 2521; baseline 0.003 -6"><span class='ocrx_word' id='word_1_137' title='bbox 170 2467 319 2517; x_wconf 87' lang='lat' dir='ltr'><strong>rioris</strong></span> <span class='ocrx_word' id='word_1_138' title='bbox 371 2472 552 2520; x_wconf 89' lang='lat' dir='ltr'><strong>aetatis</strong></span> <span class='ocrx_word' id='word_1_139' title='bbox 603 2471 745 2521; x_wconf 89' lang='lat' dir='ltr'><strong>fictas</strong></span> <span class='ocrx_word' id='word_1_140' title='bbox 786 2487 897 2521; x_wconf 90' lang='lat' dir='ltr'><strong>esse</strong></span> <span class='ocrx_word' id='word_1_141' title='bbox 946 2470 1123 2520; x_wconf 89' lang='lat' dir='ltr'><strong>docuit</strong></span> <span class='ocrx_word' id='word_1_142' title='bbox 1175 2478 1224 2519; x_wconf 91' lang='lat' dir='ltr'><strong>et</strong></span> <span class='ocrx_word' id='word_1_143' title='bbox 1263 2470 1679 2520; x_wconf 86' lang='lat' dir='ltr'><strong>dissertationem</strong></span> <span class='ocrx_word' id='word_1_144' title='bbox 1718 2470 1784 2520; x_wconf 92' lang='lat' dir='ltr'><strong>de</strong></span> 
     </span>
     <span class='ocr_line' id='line_1_26' title="bbox 170 2538 1784 2613; baseline 0.003 -24"><span class='ocrx_word' id='word_1_145' title='bbox 170 2538 361 2592; x_wconf 87' lang='lat' dir='ltr'><strong>sabulis</strong></span> <span class='ocrx_word' id='word_1_146' title='bbox 412 2543 699 2613; x_wconf 88' lang='lat' dir='ltr'><strong>Aesopicis.</strong></span> <span class='ocrx_word' id='word_1_147' title='bbox 779 2543 930 2595; x_wconf 88' lang='lat' dir='ltr'><strong>Anno</strong></span> <span class='ocrx_word' id='word_1_148' title='bbox 985 2546 1126 2594; x_wconf 82' lang='lat'>1710</span> <span class='ocrx_word' id='word_1_149' title='bbox 1166 2544 1453 2612; x_wconf 87' lang='lat' dir='ltr'><strong>specimina</strong></span> <span class='ocrx_word' id='word_1_150' title='bbox 1504 2545 1682 2596; x_wconf 86' lang='lat' dir='ltr'><strong>critica</strong></span> <span class='ocrx_word' id='word_1_151' title='bbox 1729 2545 1784 2594; x_wconf 91' lang='lat' dir='ltr'><strong>in</strong></span> 
     </span>
     <span class='ocr_line' id='line_1_27' title="bbox 171 2612 1783 2684; baseline 0.004 -22"><span class='ocrx_word' id='word_1_152' title='bbox 171 2612 531 2684; x_wconf 87' lang='lat' dir='ltr'><strong>Aristophanis</strong></span> <span class='ocrx_word' id='word_1_153' title='bbox 571 2619 865 2670; x_wconf 89' lang='lat' dir='ltr'><strong>comoedias</strong></span> <span class='ocrx_word' id='word_1_154' title='bbox 906 2619 1067 2668; x_wconf 90' lang='lat' dir='ltr'><strong>edidit</strong></span> <span class='ocrx_word' id='word_1_155' title='bbox 1115 2627 1165 2668; x_wconf 91' lang='lat' dir='ltr'><strong>et</strong></span> <span class='ocrx_word' id='word_1_156' title='bbox 1202 2619 1480 2669; x_wconf 89' lang='lat' dir='ltr'><strong>Menandri</strong></span> <span class='ocrx_word' id='word_1_157' title='bbox 1524 2620 1783 2669; x_wconf 90' lang='lat' dir='ltr'><strong>Philemo-</strong></span> 
     </span>
     <span class='ocr_line' id='line_1_28' title="bbox 170 2687 1784 2761; baseline 0.004 -25"><span class='ocrx_word' id='word_1_158' title='bbox 170 2687 355 2756; x_wconf 88' lang='lat' dir='ltr'><strong>nisque</strong></span> <span class='ocrx_word' id='word_1_159' title='bbox 393 2691 687 2760; x_wconf 86' lang='lat' dir='ltr'><strong>fragmenta</strong></span> <span class='ocrx_word' id='word_1_160' title='bbox 726 2710 757 2743; x_wconf 87' lang='lat' dir='ltr'><strong>a</strong></span> <span class='ocrx_word' id='word_1_161' title='bbox 795 2709 850 2743; x_wconf 89' lang='lat' dir='ltr'><strong>se</strong></span> <span class='ocrx_word' id='word_1_162' title='bbox 889 2693 1177 2755; x_wconf 86' lang='lat' dir='ltr'><strong>emendata,</strong></span> <span class='ocrx_word' id='word_1_163' title='bbox 1225 2710 1360 2759; x_wconf 91' lang='lat' dir='ltr'><strong>quae</strong></span> <span class='ocrx_word' id='word_1_164' title='bbox 1398 2701 1606 2761; x_wconf 86' lang='lat' dir='ltr'><strong>postero</strong></span> <span class='ocrx_word' id='word_1_165' title='bbox 1646 2711 1784 2744; x_wconf 80' lang='lat' dir='ltr'><strong>anno</strong></span> 
     </span>
     <span class='ocr_line' id='line_1_29' title="bbox 171 2766 1784 2834; baseline 0.004 -25"><span class='ocrx_word' id='word_1_166' title='bbox 171 2770 349 2813; x_wconf 88' lang='lat' dir='ltr'><strong>secuta</strong></span> <span class='ocrx_word' id='word_1_167' title='bbox 374 2774 450 2814; x_wconf 90' lang='lat' dir='ltr'><strong>est</strong></span> <span class='ocrx_word' id='word_1_168' title='bbox 476 2767 816 2818; x_wconf 90' lang='lat' dir='ltr'><strong>celeberrima</strong></span> <span class='ocrx_word' id='word_1_169' title='bbox 842 2767 1028 2816; x_wconf 87' lang='lat' dir='ltr'><strong>Horati</strong></span> <span class='ocrx_word' id='word_1_170' title='bbox 1055 2766 1212 2816; x_wconf 89' lang='lat' dir='ltr'><strong>editio</strong></span> <span class='ocrx_word' id='word_1_171' title='bbox 1254 2775 1304 2816; x_wconf 91' lang='lat' dir='ltr'><strong>et</strong></span> <span class='ocrx_word' id='word_1_172' title='bbox 1341 2775 1458 2834; x_wconf 90' lang='lat' dir='ltr'><strong>post</strong></span> <span class='ocrx_word' id='word_1_173' title='bbox 1485 2767 1784 2833; x_wconf 90' lang='lat' dir='ltr'><strong>quindecim</strong></span> 
     </span>
     <span class='ocr_line' id='line_1_30' title="bbox 171 2837 1786 2908; baseline 0.004 -24"><span class='ocrx_word' id='word_1_174' title='bbox 171 2850 333 2887; x_wconf 87' lang='lat' dir='ltr'><strong>annos</strong></span> <span class='ocrx_word' id='word_1_175' title='bbox 360 2837 612 2891; x_wconf 90' lang='lat' dir='ltr'><strong>editiones</strong></span> <span class='ocrx_word' id='word_1_176' title='bbox 642 2840 851 2891; x_wconf 86' lang='lat' dir='ltr'><strong>Terenti</strong></span> <span class='ocrx_word' id='word_1_177' title='bbox 878 2848 928 2891; x_wconf 92' lang='lat' dir='ltr'><strong>et</strong></span> <span class='ocrx_word' id='word_1_178' title='bbox 952 2839 1178 2890; x_wconf 88' lang='lat' dir='ltr'><strong>Phaedri</strong></span> <span class='ocrx_word' id='word_1_179' title='bbox 1208 2840 1349 2890; x_wconf 89' lang='lat' dir='ltr'><strong>haud</strong></span> <span class='ocrx_word' id='word_1_180' title='bbox 1374 2840 1591 2891; x_wconf 88' lang='lat' dir='ltr'><strong>minoris</strong></span> <span class='ocrx_word' id='word_1_181' title='bbox 1617 2841 1786 2908; x_wconf 90' lang='lat' dir='ltr'><strong>pretii.</strong></span> 
     </span>
    </p>

    <p class='ocr_par' dir='ltr' id='par_1_10' title="bbox 170 2910 1786 3057">
     <span class='ocr_line' id='line_1_31' title="bbox 282 2910 1786 2983; baseline 0.002 -22"><span class='ocrx_word' id='word_1_182' title='bbox 282 2910 489 2972; x_wconf 83' lang='lat' dir='ltr'><strong>Quibus</strong></span> <span class='ocrx_word' id='word_1_183' title='bbox 529 2915 776 2983; x_wconf 86' lang='lat' dir='ltr'><strong>operibus</strong></span> <span class='ocrx_word' id='word_1_184' title='bbox 816 2915 860 2965; x_wconf 89' lang='lat' dir='ltr'><strong>si</strong></span> <span class='ocrx_word' id='word_1_185' title='bbox 899 2913 1161 2965; x_wconf 88' lang='lat' dir='ltr'><strong>addideris</strong></span> <span class='ocrx_word' id='word_1_186' title='bbox 1210 2914 1683 2965; x_wconf 86' lang='lat' dir='ltr'><strong>animadversiones</strong></span> <span class='ocrx_word' id='word_1_187' title='bbox 1729 2914 1786 2964; x_wconf 91' lang='lat' dir='ltr'><strong>in</strong></span> 
     </span>
     <span class='ocr_line' id='line_1_32' title="bbox 170 2981 1786 3057; baseline 0.005 -26"><span class='ocrx_word' id='word_1_188' title='bbox 170 2981 422 3048; x_wconf 83' lang='lat' dir='ltr'><strong>plurimos</strong></span> <span class='ocrx_word' id='word_1_189' title='bbox 461 2990 740 3057; x_wconf 87' lang='lat' dir='ltr'><strong>scriptores</strong></span> <span class='ocrx_word' id='word_1_190' title='bbox 766 2996 980 3051; x_wconf 83' lang='lat' dir='ltr'><strong>veteres,</strong></span> <span class='ocrx_word' id='word_1_191' title='bbox 1007 2988 1391 3055; x_wconf 85' lang='lat' dir='ltr'><strong>disquisitiones</strong></span> <span class='ocrx_word' id='word_1_192' title='bbox 1423 2988 1489 3038; x_wconf 92' lang='lat' dir='ltr'><strong>de</strong></span> <span class='ocrx_word' id='word_1_193' title='bbox 1513 2989 1786 3056; x_wconf 84' lang='lat' dir='ltr'><strong>permultis</strong></span> 
     </span>
    </p>

    <p class='ocr_par' dir='ltr' id='par_1_11' title="bbox 1465 3076 1487 3116">
     <span class='ocr_line' id='line_1_33' title="bbox 1465 3076 1487 3116; baseline 0 0"><span class='ocrx_word' id='word_1_194' title='bbox 1465 3076 1487 3116; x_wconf 79' lang='lat'>1</span> 
     </span>
    </p>
   </div>
  </div>
 </body>
</html>
